2349 3770
311 1067 831 1118 ARGUMENTUM.

102 1161 324 1214 ‘Quindennia
350 1163 386 1198 in
413 1163 553 1199 materia
567 1161 831 1211 Emphyteutica
846 1159 939 1198 unde*
952 1159 1054 1200 ortai

150 1218 182 1248 &
197 1222 255 1248 cur
266 1209 462 1249 introducta
476 1234 488 1245 .

322 1307 830 1344 SUMMARIUM.

153 1416 168 1441 t
197 1404 335 1447 'Prasens
349 1404 519 1438 Traliatus
531 1413 658 1442 novus,
683 1405 728 1439 Θ·
738 1402 830 1438 utilis
843 1425 853 1436 .

151 1465 172 1487 2
199 1452 313 1496 Magis
322 1450 455 1496 usitatus
467 1449 557 1485 hodie
571 1475 580 1490 ,
594 1448 690 1496 qudm
705 1451 778 1486 olim
795 1475 803 1484 .

148 1510 166 1544 3
194 1501 303 1542 'Nova
313 1497 430 1532 Saecula
440 1498 724 1545 introduc1mt‚quae
734 1505 848 1533 vetera
860 1493 1056 1541 respuerunt,

145 1557 171 1590 4
195 1546 327 1580 aanor
337 1554 460 1579 novum
470 1545 532 1579 iter
545 1547 647 1590 aperit
656 1570 666 1580 .

149 1604 164 1635 5
197 1596 294 1626 Mare
306 1590 438 1626 nondam
452 1593 649 1636 navigatum
663 1591 854 1638 navigabile
865 1592 966 1627 reddit
983 1614 994 1625 .

149 1643 172 1675 6
198 1639 302 1673 Nova
316 1639 489 1683 navigatio
500 1640 532 1673 in
539 1640 681 1685 prasenti
692 1643 843 1676 Trabiatu
854 1665 864 1674 .

148 1698 172 1732 7
196 1688 328 1721 Auctor
338 1695 402 1720 rem
411 1694 535 1721 novam
548 1688 734 1733 aggreditur
745 1711 756 1728 ,
770 1690 813 1724 (9-
826 1685 866 1723 ab
882 1683 973 1722 Urbe
985 1694 1056 1720 con-

243 1734 310 1767 dita
321 1732 499 1768 inauditam
515 1758 526 1769 .

148 1785 170 1819 8
194 1780 307 1814 Omnia
332 1780 447 1815 Mundi
476 1779 626 1820 Beneficia
645 1784 804 1818 vacantia
814 1782 889 1818 0l1’m
903 1790 1057 1816 commen-

241 1828 319 1862 data
325 1825 460 1871 fuerunt
472 1829 636 1865 cardinali
645 1832 787 1865 Medices
799 1831 839 1866 ad
845 1829 904 1872 sex
915 1826 1031 1869 menses
1045 1849 1056 1860 ι

146 1888 172 1922 9
195 1875 328 1910 aanor
340 1874 480 1910 miratur
490 1899 500 1914 ,
513 1873 595 1924 quiid
606 1878 733 1924 antiqui
744 1884 820 1914 DD.
830 1889 891 1914 non
906 1875 1056 1912 ediderint

240 1921 418 1966 prasentem
431 1923 618 1958 Trahtatum
630 1948 641 1958 .

127 1982 172 2007 ω
196 1967 346 2008 Antiqui
356 1971 430 2000 DD.
450 1976 555 2001 omnes
565 1970 656 2012 quasi
665 1968 843 2016 quaestiones
853 1971 1033 2005 tractarunt
1044 1988 1055 1999 -

128 2029 144 2053 1
155 2029 169 2053 1
196 2015 277 2056 Non
290 2013 396 2047 omnia
405 2011 568 2057 possumus
577 2025 701 2050 omnes.

127 2075 144 2101 1
152 2077 174 2099 ᾖ
198 2058 342 2094 Multum
352 2066 483 2103 egerunt
491 2084 501 2100 ‚
528 2060 586 2106 qui
595 2061 668 2095 ante
680 2073 735 2096 nos
744 2062 880 2104 fuerunt
889 2085 899 2102 ,
904 2061 930 2105 s
925 2063 961 2096 ed
971 2072 1057 2095 nom

242 2113 431 2151 peregerunt
441 2129 452 2141 .

125 2169 167 2203 13
197 2159 276 2197 Rem
285 2162 406 2189 novam
415 2154 570 2199 attingere
577 2154 702 2196 summa
709 2155 854 2198 felicitas
868 2153 908 2196 est
924 2179 934 2189 .

124 2216 171 2250 14
193 2198 370 2238 scribentes
379 2209 506 2246 peccare
511 2201 535 2244 f
531 2202 611 2236 olent
625 2204 656 2237 in
663 2203 799 2244 furando
810 2203 913 2237 alioru
921 2201 941 2244 [
938 2201 1054 2247 cripta.

127 2263 143 2288 1
152 2262 168 2294 5
196 2249 344 2294 Antiqui
353 2254 534 2283 DD.omnes
543 2248 631 2295 quasi
640 2249 820 2296 quastiones
833 2248 1052 2285 metaverat.

127 2302 170 2334 16
193 2294 379 2338 Praescntem
390 2297 559 2331 materiam
569 2308 623 2330 nec
633 2298 760 2344 antiqui
772 2324 781 2339 ,
794 2308 847 2332 nec
858 2296 995 2331 moderni
1006 2304 1053 2330 te-

244 2346 387 2389 tigerunt
398 2367 407 2377 .

129 2404 172 2437 17
196 2392 334 2434 Praesens
343 2399 434 2435 opus,
448 2390 496 2425 nil
499 2390 575 2431 sane
584 2392 711 2438 dignius
723 2400 786 2439 prae
800 2392 938 2427 materia
946 2389 1053 2433 subti-

244 2439 335 2474 litate
345 2463 353 2477 ,
364 2438 410 2474 nil
423 2437 584 2482 difficilius
591 2448 655 2485 pra:
664 2441 801 2474 materia
810 2439 975 2482 sterilitate
984 2460 996 2471 .

127 2490 171 2524 18
195 2487 329 2521 Auitor
340 2487 455 2520 incedit
467 2486 562 2520 viam
572 2486 694 2521 nullius
706 2486 855 2532 vesiigiis
868 2487 979 2520 tritam
992 2507 1004 2518 .

126 2544 172 2578 19
195 2538 296 2576 Roma
309 2534 426 2569 Patria
439 2535 611 2566 communis
622 2557 630 2570 ,
639 2533 771 2578 fereque
784 2532 944 2568 Auctoris
954 2555 967 2566 .

125 2592 173 2616 20
196 2579 298 2622 Rom'a
309 2580 448 2615 homines
459 2580 547 2614 acuit
559 2603 571 2618 ,
583 2582 625 2615 ά*
637 2579 804 2621 industrios
817 2581 919 2614 reddit
930 2604 940 2613 .

123 2639 169 2663 αι
193 2625 297 2663 Hodie
305 2627 440 2669 facilius
450 2650 460 2664 ‚
486 2638 524 2660 ac
536 2625 734 2661 laudabilius
745 2626 784 2669 esl
797 2624 1050 2670 observare,quce

246 2674 395 2708 docentur
403 2697 414 2712 ‚
428 2671 526 2719 qua'm
533 2676 716 2719 excogitare
726 2685 766 2721 qu
771 2675 802 2708 id
811 2676 960 2709 doceatur
969 2698 979 2708 .

127 2733 174 2758 22
197 2722 330 2756 ‚Auctor
339 2722 371 2755 in
380 2719 522 2766 prasenti
533 2723 684 2755 Tradatu
700 2729 832 2766 occupat
850 2720 952 2754 locum
964 2718 984 2754 ci
996 2731 1050 2755 ne-

243 2769 326 2802 mine
334 2765 610 2809 animadversum‚
623 2770 666 2803 &¹
679 2766 698 2801 a¹
709 2770 827 2802 nemine
837 2776 1023 2813 occupatum
1036 2791 1048 2802 .

124 2829 145 2852 2
150 2827 167 2861 3
192 2816 273 2858 'Non
286 2812 362 2849 bene
366 2811 522 2856 scribitur
533 2815 769 2859 quindemnium
778 2822 835 2861 pro
846 2815 1047 2861 quindennio.

122 2874 172 2908 24
194 2859 296 2907 'Pejus
301 2858 456 2904 scribitur
468 2862 684 2905 quindemium
698 2886 707 2900 ,
722 2870 779 2906 pro
791 2863 978 2907 quindennio
988 2886 1000 2897 .

122 2920 164 2952 25
191 2910 278 2944 Idem
291 2906 332 2950 esi
341 2908 599 2952 quindecennium
610 2932 622 2947 ,
637 2907 718 2955 quod
728 2909 952 2953 quindennium
964 2933 975 2943 .

122 2959 171 2992 26
192 2955 304 2990 Aliud
316 2953 355 2993 εΗ
369 2954 526 3002 quindena
538 2977 549 2987 .

122 3013 168 3048 ²7
194 3002 363 3049 Qindena
375 3003 408 3036 in
422 3001 593 3036 Germania
605 3000 645 3042 est
656 3004 774 3039 decima
785 3005 898 3050 quinta
908 3011 986 3050 pars
997 3014 1050 3038 ca-

240 3048 352 3095 pitalis
357 3046 513 3092 solvenda
520 3060 560 3082 cx
567 3048 802 3085 haereditatibus
816 3059 1048 3089 extraneorum,

238 3094 366 3130 dotibus
377 3119 388 3134 ,
402 3093 583 3137 &festivis
593 3094 738 3138 vestibus
754 3121 764 3131 .

128 3143 172 3178 28
196 3143 430 3189 Qindennium
438 3141 479 3185 esi
488 3142 689 3188 antiqua&
700 3144 732 3178 in
741 3143 832 3190 Jure
840 3144 1048 3190 incognitum.

127 3199 172 3233 29
197 3190 432 3234 Qindennium
442 3191 592 3243 provenit
603 3201 645 3225 ex
651 3191 796 3237 generali
806 3191 1025 3236 consuetudine
1034 3215 1048 3232 ‚

241 3244 297 3270 aut
306 3245 514 3271 convencione
526 3261 536 3271 .

130 3294 175 3327 30
199 3281 399 3329 Qaindennia
409 3281 456 3318 ita*
467 3292 658 3330 nuncupata,
665 3287 743 3332 quia
747 3285 884 3332 singulis
896 3287 1048 3332 quinden-

246 3329 308 3361 niis
319 3352 328 3366 ,
344 3330 398 3369 seu
412 3332 591 3375 quindecim
600 3335 692 3368 annis
695 3333 842 3378 solvitur
854 3334 1048 3372 laudemium

244 3376 378 3411 Domino
390 3376 503 3413 directo
515 3400 526 3412 .

1147 830 2085 982 DENNIIS

1146 1075 1163 1109 3
1174 1075 1187 1099 1
1218 1062 1266 1100 Ob
1275 1063 1513 1108 similitudinem
1525 1092 1533 1108 ‚
1552 1079 1649 1115 quam
1661 1068 1756 1105 habet
1769 1070 1990 1111 quindennium
2002 1083 2076 1108 cum

1257 1113 1415 1149 laudemio
1428 1138 1437 1152 ‚
1450 1117 1513 1150 dici
1524 1116 1618 1161 potes}
1630 1118 1824 1153 laudemium
1841 1143 1848 1150 .

1138 1168 1155 1202 3
1164 1171 1182 1192 2
1209 1160 1411 1206 Qindennia
1439 1163 1470 1196 in
1493 1163 1692 1207 emphyteusi
1713 1175 1820 1200 ortum
1849 1164 2031 1203 babuerunt
2057 1166 2081 1202 d

1255 1208 1457 1253 quIndenniis
1471 1211 1502 1244 in
1519 1209 1680 1250 Beneficiis
1698 1237 1707 1246 .

1142 1262 1183 1297 33
1210 1256 1343 1290 Aulior
1367 1256 1398 1288 in
1419 1257 1484 1291 alio
1503 1259 1652 1293 fractam
1669 1268 1744 1305 aget
1756 1261 1791 1295 de
1806 1261 2009 1306 quindenniis
2017 1270 2081 1308 pra

1260 1299 1423 1343 Beneficiis
1439 1305 1543 1339 unitis
1561 1330 1570 1339 .

1142 1357 1187 1391 34
1211 1353 1276 1383 Pro
1302 1347 1463 1390 Beneficiis
1487 1353 1586 1386 unitis
1605 1355 1728 1399 corpori
1741 1366 1904 1400 nunquam
1915 1355 2075 1398 defeliura'

1257 1394 1390 1438 fuerunt
1398 1399 1576 1434 introducta
1588 1402 1757 1447 quindenia
1769 1402 1836 1436 loco
1850 1408 2076 1439 Annatarum.

1145 1452 1186 1486 35
1217 1447 1280 1478 cur
1290 1445 1516 1490 quindennium
1524 1447 1682 1491 solvatur
1695 1451 1732 1483 de
1746 1450 1923 1494 quindecim
1937 1451 1967 1484 in
1983 1454 2077 1496 quin-

1262 1491 1362 1525 decim
1374 1503 1469 1527 annos
1485 1518 1494 1527 .

1138 1540 1182 1581 36
1208 1540 1272 1572 cur
1279 1541 1450 1574 renovatio
1466 1542 1682 1591 Emphyteufis
1691 1551 1845 1590 perpetua
1855 1542 2071 1585 Ecclefifficae

1249 1583 1309 1625 fiat
1323 1586 1359 1619 dc
1371 1588 1494 1631 viginti
1504 1602 1621 1625 novem
1631 1593 1662 1625 in
1674 1593 1799 1636 viginti
1811 1602 1926 1626 novem
1951 1603 2069 1631 annos,

1257 1643 1316 1665 non
1330 1642 1435 1667 antem
1448 1636 1484 1670 de
1498 1638 1675 1682 quindecim
1690 1639 1724 1672 in
1734 1639 1910 1683 quindecim
1923 1650 2020 1674 annos
2033 1664 2045 1673 .

1139 1689 1184 1725 37
1210 1678 1427 1723 Rationabilis
1445 1681 1484 1722 esi
1498 1685 1685 1719 introduciio
1697 1686 1998 1731 quindenniorumin
2008 1688 2070 1731 gc:

1257 1736 1331 1761 nere
1343 1725 1380 1760 ob
1389 1725 1623 1768 similitudinem
1635 1741 1707 1766 cum
1719 1731 1794 1766 aliis
1805 1732 2004 1777 quindenuiis
2011 1741 2074 1778 pro

1260 1771 1423 1814 Beneficiis
1434 1777 1534 1810 unitis
1544 1800 1554 1809 .

1142 1822 1186 1865 38
1212 1822 1345 1856 Auctor
1366 1821 1399 1854 in
1419 1822 1485 1858 alio
1504 1825 1658 1859 'tractatu
1671 1831 1746 1871 aget
1757 1825 1794 1860 de
1807 1825 2006 1872 quindenniis
2015 1834 2075 1871 pro

1258 1864 1418 1908 Beneficiis
1434 1871 1536 1905 unitis
1544 1895 1556 1906 .

1144 1923 1188 1958 39
1212 1913 1451 1950 Irrationabilis
1462 1919 1597 1955 videtur
1609 1919 1797 1955 introduffl'o
1812 1922 2075 1967 quindenniorum

1260 1962 1365 2007 qnoad
1378 1971 1492 1999 taxam
1505 1965 1680 2011 quindecim
1692 1966 1813 2002 annon}
1827 1966 1864 2002 ob
1881 1964 2072 2009 diffimilitu-

1259 2010 1333 2044 dine
1341 2010 1422 2044 inter
1430 2013 1599 2056 quindenia
1607 2010 1710 2048 debita
1717 2021 1774 2058 pro
1785 2013 1945 2055 Beneficiis
1956 2015 2071 2049 unitis.

1140 2066 1188 2098 40
1210 2058 1250 2090 In
1270 2057 1468 2103 Emphyteuli
1489 2061 1712 2106 quindennium
1732 2061 1899 2094 videretur
1916 2060 2071 2104 regulan-

1257 2104 1332 2137 dum
1343 2102 1439 2148 iuxta
1450 2105 1472 2140 l·
1483 2107 1698 2141 haereditatum
1707 2103 1800 2151 68ff.
1814 2107 1855 2140 ad
1864 2106 1925 2150 leg.
1939 2106 2066 2142 Falcid.

1135 2159 1180 2194 41
1208 2149 1411 2197 Qindennia
1435 2150 1514 2196 julla
1534 2153 1574 2186 de
1588 2151 1682 2193 causa
1695 2152 2011 2195 introduc‘lafuerunt
2022 2155 2065 2188 ad

1256 2196 1485 2237 resarciendum
1503 2199 1653 2233 damnum
1664 2199 1792 2234 Domini
1805 2199 1912 2234 diretta·
1925 2198 1964 2234 ob
1974 2201 2069 2244 amis-

1249 2242 1366 2286 sionem
1388 2243 1618 2279 laudemiorum
1639 2255 1681 2279 ex
1704 2242 1836 2288 tranfitu
1850 2246 2068 2294 Emphyteusis

1256 2291 1297 2322 ad
1312 2299 1440 2324 manum
1454 2301 1613 2326 mortuam
1630 2316 1640 2326 .

1137 2348 1183 2382 42
1209 2341 1283 2382 Spes
1297 2339 1441 2382 exigendi
1450 2339 1610 2374 laudemia
1622 2338 1662 2378 esi
1673 2340 1707 2374 in
1716 2337 1808 2375 bonis
1817 2365 1826 2375 .

1136 2395 1180 2429 43
1207 2384 1409 2429 ,Quindennia
1425 2383 1631 2431 successerunt
1642 2388 1674 2421 in
1687 2387 1791 2422 locum
1812 2387 2067 2431 laudemiorum,·

1248 2428 1309 2473 sub
1316 2430 1578 2480 supposito‚quo‘d,
1585 2432 1613 2475 si
1626 2433 1843 2480 Empbyteusis
1854 2434 1997 2477 existeret
2009 2447 2064 2483 pe-

1251 2476 1307 2512 nes
1326 2481 1498 2523 privatum
1511 2506 1521 2520 ‚
1545 2480 1740 2516 alienaretur
1760 2482 1798 2516 de
1817 2485 1995 2528 quindecim
2004 2488 2061 2522 iri-²

1246 2527 1423 2570 quindecim
1429 2527 1642 2572 annos‚ficque
1649 2527 1808 2563 laudemia
1815 2532 2060 2577 perciperentur.

1133 2581 1181 2619 44
1204 2574 1244 2606 In
1259 2574 1364 2608 Gallia
1375 2574 1566 2621 quindennis}
1582 2576 1754 2616 noncupari
1761 2575 1840 2618 solet
1855 2577 1959 2612 Droit
1969 2579 2061 2614 d'In-

1250 2622 1497 2667 dam11ite‘‚quia
1505 2630 1561 2668 per
1570 2621 1651 2657 illud
1659 2620 1833 2666 consulitur
1845 2625 2058 2662 imdemnitatt'

1249 2670 1378 2704 Domini
1389 2670 1499 2705 directi
1513 2693 1524 2703 .

1131 2725 1174 2759 45
1203 2717 1328 2753 Hehraei
1351 2717 1384 2751 in
1393 2715 1484 2752 vrbe
1496 2715 1633 2759 solvunt
1643 2716 1798 2753 Parochis
1811 2717 2059 2761 distric‘lualibus

1247 2772 1304 2810 pro
1319 2761 1463 2798 domibus
1476 2763 1548 2808 sitis
1561 2764 1592 2798 in
1605 2763 1718 2799 Ghetto
1732 2767 1880 2801 Decimas
1891 2765 2058 2811 praetatfcti

1250 2819 1449 2856 nuncupatas
1463 2835 1472 2850 ‚
1482 2810 1519 2845 ne
1530 2811 1672 2847 ‘parochi
1680 2812 1904 2855 defraudentur
1911 2811 2060 2858 Juribus

1246 2856 1491 2893 :parochialibus
1505 2882 1515 2896 ,
1538 2869 1607 2904 quae
1618 2857 1763 2895 habituri
1772 2858 1865 2907 effent
1875 2883 1886 2899 ‚
1903 2860 1932 2904 Ji
1941 2857 2059 2896 ibidem

1248 2904 1416 2947 Christiani
1425 2904 1651 2942 inhabitarent.

1132 2956 1180 2998 46
1202 2953 1241 2986 In
1265 2952 1373 2987 Gallia
1393 2953 1620 2997 quindennium
1637 2954 1782 2998 solvitur
1793 2954 1830 2988 de
1848 2954 2008 2991 novennio
2020 2954 2056 2990 in

1250 3010 1446 3034 novennium
1460 3025 1470 3033 .
1921 3015 1924 3025 ⁴

1131 3057 1178 3093 47
1201 3052 1240 3082 In
1253 3046 1362 3081 Gallia
1374 3046 1506 3091 Ecclesia
1517 3050 1655 3085 retinens
1661 3048 1795 3093 feudum
1808 3048 1956 3092 Regium,
1966 3054 2055 3086 tene-3

1249 3104 1304 3131 tur
1312 3093 1438 3136 solvere
1447 3096 1602 3131 relevium
1615 3120 1625 3134 ,
1637 3099 1693 3139 seu
1707 3096 1932 3142 quindennium
1944 3118 1957 3129 .

1127 3145 1176 3188 48
1198 3142 1372 3188 Relevium
1384 3143 1416 3176 in
1430 3142 1536 3178 Gallia
1549 3150 1747 3188 nuncupatur
1755 3140 1890 3182 finantia
1901 3164 1913 3176 .

1128 3201 1179 3236 49
1202 3191 1310 3226 Etiam
1320 3190 1352 3223 in
1360 3189 1514 3235 Hispania
1523 3190 1668 3231 solvitur
1680 3187 1841 3223 relevium
1854 3212 1866 3223 .

1130 3249 1178 3282 50
1201 3243 1241 3274 ln
1260 3235 1447 3272 cathalonia
1467 3236 1689 3283 quindennium
1706 3234 1853 3278 solvitur
1865 3236 1902 3271 de
1913 3236 2053 3283 triginta

1247 3285 1280 3318 in
1289 3284 1423 3328 triginta
1438 3294 1533 3318 annos
1543 3307 1553 3316 .

1133 3343 1150 3378 ς
1159 3344 1174 3370 1
1201 3337 1250 3368 De
1260 3329 1371 3377 tepora
1377 3328 1615 3375 praefixionibus
1633 3338 1720 3367 certa
1731 3330 1815 3367 ratio
1823 3331 1912 3366 reddi
1922 3331 2055 3376 nequit:

1131 3391 1177 3427 52
1200 3381 1426 3462 Numerorux
1430 3378 1489 3414 vis
1501 3375 1647 3416 omnibus
1652 3377 1774 3425 sempez
1785 3376 1985 3459 ‘fdmm'sslfs
1996 3400 2011 3411 .

1845 3434 1864 3469 5
1872 3433 1890 3466 3
1948 3434 2012 3463 em<
