2295 3757
665 99 768 161 De
797 92 1240 178 Qindennis,
1276 97 1436 182 Cap.
1460 104 1541 167 II.

181 211 261 248 illud
276 210 381 247 solnm
396 221 529 257 tempus
541 211 662 246 durare
672 234 682 249 ,
701 209 785 256 quia
799 211 849 245 lex
864 209 898 246 in
911 217 1047 246 tantum

184 258 284 304 fingit
300 259 490 304 hujusmodi
503 267 645 307 mortem
658 256 822 293 Civitatis
832 282 841 296 ,
856 257 891 292 in
902 266 1048 303 qantum

190 306 394 343 sciensillam
433 306 523 342 otius
542 305 602 339 ene
625 314 823 350 perpetuam
839 330 848 345 ,
873 315 1051 350 nunquam

101 365 167 397 170
192 354 301 395 mori,
329 355 410 390 ado
437 352 595 388 viandum
620 352 818 396 praejndicio
835 350 1052 400 proprietarii

95 653 160 686 171

98 1031 162 1064 172

98 1457 162 1491 173

186 415 226 438 ex
241 413 415 450 :uunquam
434 398 610 450 sequutura
632 398 836 436 ususfruetus
859 397 1052 436 consolida-

190 451 282 486 tione
294 477 302 492 ,
318 446 446 486 inducit
457 446 571 481 fletam
584 457 733 483 mortem
747 447 912 484 Civitatis
924 472 933 487 ,
950 456 988 482 ut
1001 445 1055 481 ille

190 499 425 544 extinguatur,
443 496 474 528 &
484 492 713 530 consolidetur
730 507 810 531 cum
824 494 1030 541 proprietate
1043 517 1053 532 ‚

192 557 262 582 nou
279 544 365 580 enim
384 540 517 576 Civitas
539 543 626 577 tanti
647 543 812 589 temporis
833 542 928 578 cursu
943 569 953 584 ‚
980 552 1054 577 tan-

190 593 293 642 quam
305 588 395 625 senio
408 587 563 624 confecta
573 590 703 626 occidit
717 616 726 631 ,
751 600 789 626 nt
809 589 983 626 immerito
1006 588 1056 624 ait

190 634 532 679 Faberfemesir.lib.1.
543 647 612 684 cap.
626 641 658 674 8.
678 639 820 680 reiectus
835 650 891 684 per
905 637 1053 673 Menoch-

189 691 226 725 de
234 684 347 722 arbitr.
356 683 477 730 Judic.
489 683 584 720 liba.
593 691 751 723 centur.6·
765 686 913 729 caf.508.
927 696 1052 729 num.4.

189 733 352 778 Idemque
365 734 436 774 jure
448 731 571 767 merito
582 731 681 778 fingit
695 735 748 769 lex
764 734 798 768 in
812 733 960 768 secundo
975 732 1053 767 casu

186 779 315 818 hostilis
324 779 425 815 aratri
440 804 449 819 ,
470 779 550 827 quia
561 781 745 827 quomodo
759 780 827 816 dici
842 780 947 827 poffet
958 779 1056 814 Civi-

185 838 238 865 tas
249 826 373 873 absque
386 827 530 863 Civibus
554 829 738 875 postquam
761 827 834 864 solo
845 837 1054 875 exaequataa

186 876 233 912 est
245 901 254 915 ‚
284 880 363 910 cum
379 877 474 911 nulla
487 886 568 912 tunc
581 874 716 920 superfit
737 875 885 922 amplius
898 875 1032 911 Civitas
1045 900 1054 915 ,

187 923 336 970 nullique
351 924 454 959 Cives
466 948 475 962 ,
490 924 548 970 qui
563 923 626 959 frui
638 922 766 967 poffint
779 949 788 964 ,
803 933 840 958 ut
855 923 942 959 bene*
954 931 1054 958 notat

189 970 293 1009 Faber
303 973 334 1006 in
341 973 413 1015 suis
424 972 584 1015 Rational.
598 972 640 1006 ad
651 971 730 1016 d-lfi
741 971 944 1015 ususs'rutius
957 984 975 1007 2
984 983 1012 1007 ι.
1023 972 1056 1005 in

190 1022 314 1056 ratione
327 1021 486 1055 decidendi
509 1021 542 1054 in
557 1021 661 1066 princ.
672 1019 760 1062 vers.
773 1020 885 1066 quidm·
896 1030 971 1065 ergo
985 1043 994 1059 ‚
1017 1015 1056 1065 ff.

186 1066 276 1115 quib.
288 1069 370 1102 mod.
379 1066 497 1110 ususfr.
510 1069 617 1102 amitt.
632 1069 796 1103 Praeterea
810 1064 943 1113 sumpta
955 1077 1057 1103 occa-

187 1115 281 1151 lione
302 1116 322 1151 a
341 1113 437 1159 snpra
451 1113 634 1149 cumulatis
647 1113 783 1160 Iuribus
796 1140 806 1156 ,
838 1115 898 1150 ubi
919 1113 1057 1162 agendo

187 1163 280 1199 dere
292 1162 447 1198 omnium
458 1161 697 1202 incertissima,
720 1175 782 1209 pro
801 1173 894 1199 meta
905 1160 1058 1208 longiffi-

189 1222 253 1246 mae
268 1209 346 1246 vitae
359 1235 370 1251 ,
389 1220 510 1254 'roque
522 1208 721 1256 longiffimo
734 1211 882 1248 termino
894 1210 1059 1248 senescen-

190 1258 277 1294 tium
289 1283 298 1298 ‚
314 1256 365 1293 seu
389 1256 649 1294 enescendorum
660 1257 841 1294 hominum
865 1261 880 1303 (
892 1269 931 1295 ut
945 1258 1058 1294 minus

191 1305 299 1341 iatine
312 1330 321 1345 ,
346 1302 400 1341 sed
424 1304 538 1351 magis
562 1305 767 1353 explicative‘
789 1307 838 1342 ait
854 1308 1007 1354 Hilliger.
1026 1307 1059 1341 in

190 1361 257 1389 not.
267 1354 309 1389 ad
320 1352 444 1389 Donell.
457 1352 576 1388 lib-10.
586 1364 655 1401 cap.
664 1366 717 1398 17.
731 1355 764 1390 in
773 1357 877 1401 princ.
892 1355 906 1398 )
917 1352 1061 1402 praefini·

192 1411 249 1437 tur
261 1399 416 1436 saeculurn
426 1403 554 1440 unum,
575 1412 615 1436 ex
628 1413 670 1437 eo
683 1427 693 1441 ,
709 1401 810 1448 qudd
822 1403 931 1445 homo
946 1400 1062 1449 praesu-

189 1448 295 1485 mitur
307 1448 414 1484 vivere
437 1445 539 1494 usque
567 1449 612 1484 ad
627 1461 737 1486 annos
751 1460 888 1486 centum
900 1452 923 1487 l.
933 1450 1062 1486 haredi-

188 1505 295 1533 tatum
307 1498 364 1531 68.
373 1493 411 1542 ff.
425 1497 465 1531 ad
478 1496 540 1543 leg.
553 1497 675 1533 Falcid.
694 1498 722 1533 l.
733 1511 775 1533 an
787 1499 991 1543 ususfrubius
1004 1501 1061 1540 56.

184 1542 224 1591 ff.
234 1546 270 1580 de
279 1543 435 1588 usufruti.
450 1544 548 1590 legat.
562 1545 710 1581 Menoch.
722 1547 759 1581 de
769 1546 951 1593 prasumpt.
968 1544 1062 1582 lib.6.

187 1590 337 1638 praes.49.
349 1602 440 1626 itu-2.
452 1602 526 1626 cum
534 1591 627 1639 seqq.
641 1591 780 1636 Barbosa
792 1595 825 1628 in
837 1595 991 1630 l.utinter
1007 1604 1064 1637 23.

188 1651 320 1682 num-15
329 1664 338 1673 .
350 1640 425 1674 cod.
437 1640 476 1674 de
487 1641 680 1683 sacrosanti.
689 1641 808 1684 Eccles.
817 1640 979 1687 Narbona
991 1643 1062 1677 cle-³

189 1695 282 1725 atate
291 1698 371 1723 anno
380 1686 539 1730 centesimo
550 1689 703 1733 qu.unica
714 1700 839 1733 num.4.
847 1687 905 1724 ubi
916 1692 949 1725 in
960 1691 1064 1735 princ.

189 1734 290 1772 refert
300 1737 435 1781 elegans
450 1734 616 1770 Varronis
627 1734 769 1771 effatum
790 1735 848 1772 lib.
863 1749 893 1780 5.
902 1739 940 1772 de
949 1737 1064 1782 lingua

187 1785 311 1819 Latina
329 1795 338 1817 ε
368 1781 525 1818 saculum
541 1783 686 1828 spatium
701 1792 827 1819 centum
847 1795 1003 1820 annorum
1023 1781 1064 1826 esi

188 1833 310 1867 ditium
323 1829 344 1865 a*
351 1829 422 1873 sene
431 1853 441 1868 ,
451 1831 537 1875 quod
547 1829 1066 1876 longiffimumspatiums'enescen-

188 1879 302 1915 dorum
315 1878 478 1913 hominum
495 1878 529 1912 id
537 1885 688 1924 putarent
697 1903 709 1918 ,
729 1878 824 1914 unde*
833 1877 926 1915 forte
939 1890 1007 1914 vox
1014 1878 1066 1922 se-

188 1925 356 1967 nescendus
370 1935 441 1959 non
455 1923 501 1958 est
512 1925 625 1959 minus
636 1926 757 1961 Latina
768 1952 778 1966 ,
804 1925 885 1961 hinc
894 1925 1065 1961 saeculares

190 1970 265 2007 ludi
275 1969 360 2005 dieti
372 1995 382 2009 ,
410 1968 490 2004 hinc
503 1972 606 2004 Solon
618 1972 763 2007 Athenis
779 1972 801 2006 a
814 1971 842 2007 se
853 1976 939 2007 latas
949 1975 1040 2017 leges
1054 1996 1064 2012 ‚

189 2027 272 2054 toto
284 2016 360 2052 vitae
374 2014 484 2061 spatio
496 2028 556 2062 per
569 2016 672 2052 Cives
686 2016 812 2054 servari
824 2021 938 2055 volens
948 2018 1067 2054 astrin-

189 2066 241 2102 xit
252 2065 324 2108 jure
332 2062 483 2107 jurando
495 2067 656 2098 Senatum
671 2088 681 2102 ,
703 2069 737 2099 &
750 2069 919 2110 Populum
931 2066 977 2100 ad
990 2066 1066 2100 illas

190 2110 373 2149 servandas
394 2117 532 2146 centum
555 2120 726 2146 annorum
752 2113 924 2148 curriculo
942 2112 989 2147 ad
1005 2111 1065 2147 de-

191 2158 387 2196 notandum
401 2156 565 2202 temporis
575 2155 840 2195 diuturnitatem
855 2184 866 2199 ‚
890 2159 969 2195 hinc
982 2171 1064 2194 con-

100 2214 170 2250 174
192 2207 284 2244 ditio
297 2205 322 2241 fi
332 2205 422 2241 ultra
434 2214 574 2240 centum
586 2215 697 2241 annos
708 2205 830 2243 vixeris
844 2232 853 2246 ,
877 2206 1066 2252 impoffibi-

189 2255 230 2292 lis
248 2261 423 2301 reputatur
435 2277 446 2292 ,
469 2259 597 2289 Duran.
631 2255 669 2289 de
691 2256 861 2292 condition.
887 2252 1066 2301 impoffihil.

189 2310 277 2350 part.
295 2313 325 2336 1.
336 2309 407 2347 cap.
424 2313 457 2335 2.
469 2312 557 2335 num.
571 2313 628 2336 20.
651 2303 900 2347 comprobatur
915 2314 954 2336 ex
969 2302 1065 2337 dieto

191 2348 396 2393 Ecclefiasiic.
409 2359 422 2382 1
431 2350 462 2384 8.
475 2350 507 2383 8.
521 2359 674 2384 numerus
686 2351 809 2385 dierum
821 2351 984 2386 hominum
996 2374 1005 2389 ‚
1029 2357 1067 2384 ut

191 2398 332 2434 multum
355 2404 480 2431 centum
491 2397 567 2430 anni
578 2420 586 2434 ‚
612 2399 646 2431 ὃ(
657 2408 699 2432 ex
713 2395 810 2433 (1ίὲὶο
835 2398 925 2440 Isaiae
938 2409 996 2440 75.
1008 2408 1066 2431 20.

189 2454 271 2493 puer
283 2452 409 2479 centum
418 2454 572 2477 annorum
585 2445 738 2480 morietur
750 2470 760 2484 ,
781 2448 825 2481 ἕν
835 2453 984 2492 peccator
994 2455 1065 2479 cen-

193 2503 266 2530 tum
279 2501 434 2527 annorum
445 2490 633 2526 maleditius
646 2493 723 2531 erit,
736 2495 807 2532 vel,
820 2502 858 2528 ut
868 2492 902 2527 in
916 2492 1066 2527 Arabica

196 2539 347 2576 vernone
359 2537 453 2583 apud
474 2534 493 2570 a*
515 2540 634 2584 Lapide
646 2537 723 2574 ibid.
732 2539 889 2586 Juvenis
902 2541 1066 2574 morietur.

197 2586 375 2630 cumfuerit
382 2583 474 2629 filius
486 2593 612 2619 centum
624 2597 779 2622 annorum
789 2612 799 2626 ,
811 2590 856 2624 &⁹
869 2589 928 2633 qui
936 2595 1066 2633 peccat,

198 2646 259 2669 non
269 2634 475 2668 maledicetur
486 2656 496 2671 ,
511 2631 568 2676 nisi
576 2631 642 2679 post
653 2642 779 2669 centum
790 2647 889 2670 annos
901 2659 910 2669 .
936 2637 1066 2669 Putant

199 2680 303 2728 aliqui
325 2679 501 2715 hominem
522 2679 632 2714 vivere
659 2692 728 2715 non
751 2683 860 2717 valere
882 2681 972 2716 ultra
990 2691 1067 2717 cen-

109 2738 172 2773 175
199 2737 275 2764 tum
288 2737 416 2767 annm,
437 2724 511 2778 freti
524 2727 767 2773 AEgypdorum
782 2754 792 2769 ,
818 2733 851 2764 &
867 2728 1068 2764 Alexandri-

201 2786 323 2810 norum
347 2775 573 2813 auetoritate,
596 2774 783 2811 humanam
809 2775 918 2811 vitam
929 2775 1068 2811 centeii-

201 2833 264 2859 mo
289 2832 382 2857 anno
405 2819 749 2857 circumscribentium
773 2823 820 2858 ob
842 2825 1065 2858 naturalem-³

196 2868 331 2905 causam
355 2867 555 2913 augumenti
569 2894 578 2908 ‚
607 2873 640 2904 &
666 2870 906 2906 diminutionis
928 2870 1043 2906 cordis
1055 2896 1067 2911 ,

198 2916 416 2953 crediderunt
439 2914 531 2950 enim
548 2926 608 2951 cor
628 2919 743 2962 augeri
763 2929 819 2963 per
842 2918 994 2963 singulos
1007 2928 1066 2952 an-

199 2974 265 3000 nos
277 2987 287 3003 ,
308 2974 349 3000 ac
365 2962 464 2998 binas
477 2961 659 2998 drachmas
670 2965 830 3010 ponderis
842 2966 886 3001 ad
896 2965 1068 3012 qninqua-

196 3011 361 3058 gefimum
384 3020 513 3045 annum
527 3009 683 3046 accedere
696 3035 706 3050 ,
726 3012 771 3047 ab
786 3024 827 3047 eo
843 3012 976 3048 detrahi
991 3019 1067 3047 tan-

198 3059 343 3095 tundem
357 3083 367 3098 ,
392 3056 541 3101 ideoque
565 3056 739 3093 hominem
761 3071 831 3094 non
856 3060 964 3094 vivere
977 3058 1067 3095 ultra

197 3116 336 3141 centum
349 3115 458 3140 annos
481 3117 521 3140 ex
534 3103 667 3140 defeau
681 3105 795 3140 cordis
805 3130 815 3145 ‚
843 3106 938 3151 quod
951 3116 1066 3142 tamen

198 3154 248 3188 uti
260 3151 461 3192 fabulosum,
475 3162 516 3187 ac
531 3150 692 3188 fictitium
704 3151 822 3188 refellit
832 3152 995 3197 ‘Narbona
1006 3155 1068 3190 loc.

202 3210 276 3235 mox
286 3201 340 3236 cit.
353 3199 440 3242 vers.
453 3197 568 3245 cujus,
583 3198 690 3245 juniiio
704 3204 827 3236 num.8.
850 3198 995 3237 referens
1004 3201 1068 3237 ob-

204 3242 348 3284 servatas
369 3244 464 3300 fuisse
476 3248 696 3293 quamplures
712 3247 869 3284 similium
884 3260 1068 3295 corporum

113 3295 178 3337 176
203 3289 410 3329 diffeffiones
423 3318 434 3334 ,
455 3305 490 3329 in
507 3293 631 3340 quibus
649 3306 709 3331 cor
728 3294 876 3338 ejusdem
898 3297 1072 3342 magnitu-

204 3336 359 3390 dinis-ac
369 3342 530 3382 juvenum
541 3368 550 3382 ‚
572 3344 623 3376 vel
636 3342 778 3378 minoris
789 3343 962 3389 ponderis,
974 3343 1068 3382 fafflzo

203 3395 359 3422 examine
379 3396 412 3421 re
425 3399 501 3424 vera
511 3398 726 3435 compertum
739 3391 784 3426 est
797 3415 807 3430 ,
830 3392 943 3439 estque
961 3393 1070 3431 incer-

1918 126 1992 168 21

1109 217 1205 251 tum,
1229 221 1288 247 cor
1299 210 1448 246 hominis
1472 213 1520 248 ad
1532 224 1659 248 annum
1682 215 1788 250 aetatis
1813 215 1985 264 quinqua·

1116 257 1281 303 gefimum
1303 258 1451 308 duarum
1473 258 1693 296 solummodo
1712 261 1990 301 drachmarum,

1117 306 1258 350 pondus
1271 307 1430 348 naucilci,
1442 319 1520 345 nam
1533 320 1592 344 cor
1604 307 1729 344 aniculi
1743 308 1834 343 idem
1851 312 1988 356 pondus

1116 351 1220 389 habet
1233 354 1378 391 duarum
1391 356 1630 392 drachmarum
1644 381 1652 396 ,
1667 355 1737 391 bini
1749 366 1914 403 quatuor.
1930 359 1990 394 tri-

1119 400 1153 436 ni
1176 400 1227 437 scx
1242 428 1251 442 ,
1277 414 1318 439 ac
1339 403 1481 439 demum
1506 416 1569 452 pro
1589 404 1682 440 cursu
1707 405 1779 449 pari
1802 403 1837 438 in
1859 415 1988 442 annum

1120 449 1456 496 quinquagesimum,
1470 453 1490 488 a
1500 464 1572 500 quo
1583 451 1799 488 decrementa
1810 451 1990 498 incipiunt,

1118 495 1165 532 ad
1180 498 1404 545 xquinbrium
1419 499 1644 546 supputantur
1656 525 1665 534 .

1168 548 1318 581 Atamcn
1333 547 1356 581 st
1376 547 1411 582 in
1426 548 1489 583 hac
1516 558 1610 593 parte
1624 545 1846 589 deferendum
1870 547 1917 583 cst
1931 547 1992 583 Hi-

1117 590 1271 633 storicis,
1295 594 1338 628 de
1357 606 1428 640 qno
1440 595 1537 630 valde
1555 596 1680 631 dubito
1699 606 1778 630 curn
1795 596 1942 632 Menoch.
1955 597 1991 631 cle

1113 644 1295 688 praesumpt.
1309 640 1553 688 lib.6.praes.49.
1566 655 1712 686 num.17.
1727 655 1798 678 uon
1812 641 1991 678 defixerunt
2046 653 2058 658 ·

1119 689 1295 729 nonnulli,
1317 690 1378 736 qui
1391 689 1595 726 excen'ernnt
1609 702 1746 726 centum
1761 702 1871 726 annos
1884 718 1892 731 ,
1909 692 1990 726 teste

1115 734 1312 782 Justiniano
1327 740 1535 783 Imperatore
1558 737 1600 773 de
1616 739 1752 773 Zoliino
1766 739 1900 774 Abbatc
1915 747 1945 778 §.
1958 740 1992 773 Si

1118 783 1199 819 vert
1209 786 1361 829 Novella
1374 788 1411 821 de
1425 786 1685 822 Monachaeoltat.
1696 798 1722 820 ι.
1737 785 1878 829 Bai-bosa
1890 788 1923 821 in
1933 786 1996 821 l.ut

1119 833 1201 867 inter
1215 844 1268 877 23.
1281 838 1428 870 num.16.
1443 839 1477 869 C.
1488 836 1529 869 de
1543 834 1736 876 sacrosanti.
1751 834 1865 875 Eccles.
1883 833 1938 868 ubi
1950 834 1993 868 de

1119 888 1218 914 aetate
1239 892 1316 924 130.
1342 887 1374 917 δε
1393 893 1473 925 140.
1490 881 1600 917 immo
1612 906 1620 920 ,
1649 886 1681 916 <Sc
1697 892 1776 924 335.
1799 882 1893 926 quod
1909 891 1995 926 puto

1120 936 1181 971 per
1205 938 1349 964 errorem
1365 928 1575 975 Impress'oris
1597 928 1794 975 appolitum
1818 931 1896 963 loco
1919 941 1955 972 13
1966 940 1996 973 5.

1120 972 1252 1009 Scimus
1266 985 1400 1011 aetatcm
1427 977 1557 1024 Moyfis
1581 989 1622 1012 ex
1651 985 1878 1012 Deutoronom.
1894 987 1950 1020 31.
1966 990 1998 1010 ε.

1123 1033 1137 1056 1
1148 1034 1206 1056 20.
1217 1025 1450 1067 annorums'um
1460 1024 1562 1063 hodie,
1573 1037 1635 1059 non
1646 1021 1766 1069 possum
1780 1023 1868 1059 ultra*
1879 1026 1998 1069 egredi,

1121 1071 1165 1106 (φ
1179 1072 1316 1117 ingredi,
1333 1073 1377 1107 (φ
1389 1083 1430 1106 ex
1444 1078 1688 1115 Deutoronom.3
1697 1083 1766 1115 47.
1777 1071 1904 1117 Moyses
1920 1083 1999 1106 120.

1120 1129 1278 1153 annorum
1288 1128 1368 1160 erat,
1379 1121 1503 1166 quando
1515 1128 1661 1154 mortuus
1673 1117 1850 1160 est,scimus
1863 1128 1998 1154 aetatem

1122 1165 1317 1201 nostrornm
1331 1170 1620 1212 protoparentum
1637 1178 1678 1202 ex
1693 1167 1799 1212 Genesi
1812 1178 1843 1210 5.
1855 1171 1898 1203 eb*
1907 1166 1999 1214 seqq.

1122 1217 1164 1248 Et
1170 1213 1298 1257 fabium
1311 1213 1351 1255 est
1378 1225 1468 1249 omne
1475 1224 1602 1262 tempus
1615 1238 1624 1253 ‚
1650 1216 1734 1262 quod
1743 1217 1838 1250 vixit
1861 1216 1995 1253 Adam,

1125 1264 1202 1297 anni
1211 1263 1360 1308 nongenti
1380 1264 1533 1307 triginta,
1560 1267 1603 1299 (θ’
1622 1262 1791 1306 [αῐίἱβιηι
1807 1273 1911 1298 omnes
1931 1263 1998 1296 dies

1126 1310 1199 1345 Seth
1211 1319 1443 1357 nongentorum
1465 1312 1629 1354 duodecim
1651 1322 1808 1345 annorum
1822 1335 1831 1349 ‚
1851 1310 1998 1356 [nitique

1119 1358 1197 1402 sunt
1219 1370 1326 1394 omnes
1338 1359 1404 1392 dies
1417 1362 1501 1393 Enos
1518 1360 1670 1404 nongenti
1680 1359 1820 1406 quinque
1831 1359 1908 1392 anni
1920 1383 1929 1397 ‚
1954 1361 1999 1393 ἄν

1118 1406 1284 1450 ῘαὲἳὶῙιιηῑ
1297 1417 1403 1441 omnes
1412 1407 1479 1441 dies
1490 1407 1611 1441 cainan
1633 1409 1782 1451 nongenti
1794 1408 1897 1441 decem
1908 1407 1998 1443 anm‘,

1125 1456 1169 1490 &⁶
1173 1453 1259 1497 fatti
1264 1453 1285 1494 f
1282 1462 1341 1488 unt
1351 1465 1456 1488 omnes
1470 1455 1538 1488 dies
1547 1454 1705 1489 Malaleel
1728 1455 1791 1488 otti
1788 1455 1879 1499 genti
1899 1464 2000 1487 nona·

1121 1503 1217 1547 ginta
1231 1502 1376 1547 quinque
1391 1503 1469 1535 anni
1482 1525 1491 1540 ,
1504 1503 1548 1537 (θ’
1557 1501 1642 1544 fabii
1645 1501 1668 1544 s
1664 1509 1722 1536 unt
1732 1512 1837 1536 omnes
1847 1501 1914 1535 dies
1927 1501 2001 1546 Ja-

1123 1551 1178 1585 red
1190 1551 1341 1594 nongenti
1343 1548 1517 1594 sexaginta
1526 1549 1588 1584 duo
1601 1551 1690 1587 anni,
1706 1549 1841 1593 &faeti
1847 1547 1924 1590 sunt
1933 1559 2001 1584 om-

1126 1609 1181 1631 nes
1194 1598 1261 1632 dies
1274 1596 1404 1630 Henoch
1427 1599 1560 1631 trecenti
1564 1597 1741 1643 sexaginta
1750 1599 1893 1645 quinque
1903 1599 1998 1634 anni,

1126 1647 1171 1681 &⁶
1179 1644 1267 1688 fabii
1272 1644 1292 1685 s
1290 1653 1346 1679 unt
1356 1655 1462 1678 omnes
1473 1645 1539 1678 dies
1550 1643 1694 1685 Matbuf
1688 1645 1742 1680 ala
1752 1645 1903 1690 nongenti
1906 1643 1930 1687 s
1925 1655 2002 1678 exa-

1123 1693 1219 1739 ginta
1231 1702 1352 1726 novem
1366 1693 1444 1725 anni
1456 1714 1465 1728 ,
1493 1693 1537 1726 Θ·
1544 1691 1630 1734 fabii
1635 1690 1660 1733 s
1657 1701 1716 1726 unt
1737 1703 1844 1727 omnes
1854 1692 1921 1726 dies
1935 1696 2001 1725 La-

1127 1740 1216 1776 mech
1230 1764 1240 1779 ,
1249 1739 1445 1786 septingenti
1448 1736 1656 1785 septuaginta
1661 1739 1780 1784 septem
1792 1741 1878 1777 anni,
1889 1749 1931 1772 ex
1941 1742 2002 1772 Ge-

1129 1787 1191 1831 nesi
1201 1800 1236 1831 9.
1250 1789 1305 1822 28.
1321 1785 1467 1832 cumseq.
1491 1787 1588 1820 Vixit
1610 1794 1718 1820 autem
1741 1791 1817 1830 'Noe
1838 1785 1904 1831 posi
1917 1785 2002 1820 dilu-

1128 1837 1228 1870 vium
1247 1834 1398 1868 trecentis
1411 1833 1650 1880 quinquaginta
1673 1835 1766 1868 annis
1779 1857 1789 1872 ,
1812 1836 1857 1870 Θ·
1880 1833 2004 1879 impleti

1122 1883 1201 1927 sunt
1211 1892 1318 1917 omnes
1329 1882 1396 1915 dies
1418 1882 1488 1924 eJ'us
1497 1888 1728 1926 nongentorum
1738 1882 2002 1929 quinquaginta-³

1127 1940 1284 1965 annorum
1293 1953 1304 1967 ,
1319 1939 1360 1962 ex
1373 1926 1481 1970 Genesi
1492 1939 1506 1962 1
1518 1940 1546 1962 1.
1561 1939 1576 1962 1
1586 1939 1616 1962 1.
1631 1928 1747 1975 &seq.
1757 1931 1917 1976 Vixitque
1928 1931 2000 1962 Sem

1127 1979 1312 2025 quingentis
1334 1977 1429 2010 annis
1442 2000 1451 2010 .
1475 1976 1637 2022 Vixitque
1659 1976 1732 2011 Sale
1757 1977 2003 2023 quadringentis

1125 2023 1234 2061 tribus
1251 2025 1362 2058 annis.
1386 2028 1417 2059 V
1418 2024 1547 2069 ixitque
1559 2022 1685 2068 phaleg
1698 2025 1843 2058 ducentis
1855 2034 2000 2059 novem..-

1126 2073 1223 2109 annis
1235 2096 1246 2106 .
1270 2072 1367 2107 Vixit
1381 2081 1506 2118 quoque
1516 2076 1585 2114 Reu
1600 2071 1743 2104 ducentis
1750 2072 1870 2116 septem
1881 2071 1975 2106 annis
1988 2094 2000 2104 .

1126 2125 1158 2156 V
1159 2121 1286 2165 ixitque
1296 2120 1402 2163 Sarug
1415 2119 1560 2152 ducentis
1569 2118 1663 2150 annis
1674 2141 1681 2150 .
1693 2122 1724 2153 V
1725 2119 1855 2164 ixicque
1862 2116 2001 2161 ‘Machor

1126 2174 1253 2202 centum
1265 2167 1369 2201 decem
1383 2190 1392 2204 ,
1402 2167 1445 2200 &⁶
1459 2174 1577 2198 novem
1586 2165 1694 2202 annis,
1709 2164 1922 2208 &fattisunt
1932 2166 2000 2200 dies

1127 2214 1233 2249 Thare
1249 2214 1454 2248 ducentorum
1474 2212 1613 2257 quinque
1635 2223 1792 2246 annorum
1805 2237 1813 2251 ‚
1839 2224 1880 2246 ex
1902 2217 2007 2246 Gene-

1120 2261 1150 2304 fi
1161 2271 1217 2303 23.
1232 2271 1262 2293 1.
1288 2260 1560 2303 Vixitqueautem
1569 2262 1651 2292 Sara
1664 2270 1741 2300 127.
1754 2261 1848 2294 annis
1862 2285 1870 2297 ‚
1887 2271 1928 2294 ex
1941 2264 2002 2294 Ge-

1128 2306 1189 2351 nesi
1201 2316 1255 2347 25.
1270 2317 1303 2348 7.
1308 2305 1444 2348 fuerunt
1454 2312 1562 2339 autem
1573 2305 1639 2338 dies
1649 2307 1730 2340 vitae
1745 2305 1897 2341 Abralm
1908 2332 1916 2346 ,
1930 2319 2000 2341 cen-

1126 2364 1195 2390 tum
1202 2353 1410 2399 septuaginta
1420 2353 1561 2398 quinque
1571 2354 1668 2390 anni,
1695 2365 1736 2388 ex
1748 2354 1856 2397 Genesi
1871 2367 1886 2399 3
1897 2366 1927 2397 ς.
1943 2358 2000 2390 28.

1128 2404 1172 2437 &⁸
1184 2400 1332 2446 completi
1334 2399 1413 2441 sunt
1425 2401 1492 2433 dies
1503 2398 1594 2440 Isaac
1607 2423 1617 2437 ‚
1632 2409 1759 2435 centum
1773 2404 1936 2447 oii‘oginta
1945 2416 2001 2438 an-

1126 2459 1240 2483 norum
1254 2471 1262 2485 ‚
1275 2459 1316 2481 ex
1330 2445 1436 2490 Genefi
1443 2457 1502 2490 47.
1518 2446 1807 2494 28.fabiic]nefunt
1819 2461 1925 2485 omnes
1934 2452 2002 2485 dies

1127 2498 1209 2529 vita
1223 2494 1314 2529 illius
1335 2496 1348 2536 (
1362 2493 1448 2527 [dest
1467 2492 1573 2540 Jacob
1587 2493 1602 2535 )
1616 2503 1741 2529 centum
1756 2499 2000 2543 quadraginta,

1121 2542 1240 2589 septem
1249 2552 1403 2575 annorum
1412 2566 1421 2580 ,
1431 2541 1491 2587 qui
1502 2552 1561 2587 per
1571 2541 1664 2586 prius
1680 2542 1850 2579 Pharaoni
1862 2545 2002 2590 empha-

1127 2590 1195 2625 tice
1207 2588 1374 2623 indicavit
1388 2587 1465 2623 suos
1479 2599 1586 2624 annos
1609 2599 1690 2623 tunc
1705 2601 1874 2626 currentes
1887 2592 2002 2628 adhuc

1127 2647 1259 2684 paucos
1273 2635 1332 2669 fibi
1345 2634 1434 2670 visos
1446 2660 1456 2674 ,
1473 2646 1510 2672 uc
1525 2636 1634 2680 Genesi
1651 2647 1710 2679 47.
1725 2650 1760 2681 9.
1772 2641 1850 2674 Dies
1859 2642 2002 2685 peregri-

1127 2685 1268 2721 nationis
1278 2684 1360 2718 vitae
1370 2694 1443 2718 meae
1453 2692 1578 2718 centum
1591 2684 1728 2728 triginta
1743 2699 1898 2722 annorum
1904 2688 1981 2731 sunt
1990 2713 2000 2727 ,

1126 2732 1231 2778 parvi
1240 2754 1249 2769 ,
1272 2732 1316 2765 (9⁹
1335 2730 1415 2764 mali
1424 2755 1433 2770 ‚
1467 2734 1510 2766 Θ
1533 2742 1594 2764 non
1607 2739 1827 2777 pervenerunt
1849 2735 1948 2782 usque
1959 2736 2001 2768 ad

1128 2780 1194 2814 dies
1205 2784 1343 2812 Patrum
1365 2788 1508 2812 meorum
1521 2801 1531 2816 ‚
1556 2776 1676 2823 quibus
1691 2784 1976 2826 peregrinatisunt
1986 2794 1998 2821 3

1128 2827 1172 2860 Et
1184 2834 1298 2859 tamen
1310 2824 1391 2858 anni
1402 2824 1562 2860 Hebraici
1576 2825 1779 2862 constabant
1788 2853 1798 2867 ,
1833 2839 1871 2863 ut
1881 2828 1998 2870 nostri,

1129 2870 1315 2907 duodecim
1328 2871 1499 2906 mensibus
1509 2896 1520 2911 ,
1534 2883 1605 2907 non
1618 2880 1760 2917 autem)
1774 2887 1811 2910 ut
1824 2877 1913 2910 male*
1923 2876 1997 2918 opi-

1129 2930 1253 2954 nantur
1267 2918 1371 2963 aliqui
1393 2921 1513 2962 (erant
1532 2920 1692 2956 menstrui
1707 2947 1717 2961 ,
1744 2921 1795 2956 seu
1819 2922 2000 2967 responde-

1129 2967 1215 3002 bant
1224 2965 1344 3010 finguii
1355 2966 1477 3002 nostris
1487 2967 1656 3002 mentibus
1678 2967 1699 3003 a*
1711 2970 1831 3014 Lapide
1842 2972 1878 3004 in
1890 2971 1999 3014 Genef.

1129 3023 1219 3061 cap.5
1227 3039 1236 3049 .
1247 3012 1400 3058 versic.5.

1179 3060 1304 3097 Verum
1317 3073 1387 3097 non
1395 3061 1532 3098 obstant
1543 3062 1683 3098 laudata
1693 3064 1791 3108 Sacre
1804 3064 1940 3110 Paginae
1951 3067 2002 3102 lo-

1130 3119 1173 3145 ca
1183 3135 1193 3150 ,
1206 3120 1287 3145 nam
1300 3108 1336 3144 in
1347 3119 1517 3157 quantum
1529 3109 1573 3145 ad
1588 3120 1721 3145 aetatem
1736 3111 1885 3155 Moysis,
1899 3112 1999 3159 ipse,

1131 3156 1162 3193 se
1174 3156 1347 3193 excusavit
1365 3157 1410 3192 ab
1424 3157 1561 3192 ulterius
1575 3156 1726 3202 tegendo
1741 3160 1874 3202 Populo
1885 3184 1896 3199 ‚
1929 3173 1999 3197 non

1131 3204 1286 3244 afferens,
1300 3202 1330 3239 se
1340 3206 1428 3241 ultra
1444 3203 1554 3239 vivete
1566 3203 1658 3250 poll'e
1670 3229 1680 3243 ‚
1695 3201 1748 3239 sed
1760 3207 1910 3242 ostendit
1921 3219 1997 3244 eam

1131 3261 1269 3288 aetatem
1280 3251 1442 3305 decrepiti
1452 3249 1535 3285 senis
1549 3250 1639 3286 adeo
1649 3249 1814 3297 frigidam
1826 3279 1835 3293 ‚
1863 3258 1896 3289 &
1909 3258 1998 3290 elan-

2027 930 2089 971 178

2026 2891 2092 2925 179

1131 3311 1237 3346 guen]
1268 3297 1414 3334 minume}
1440 3297 1604 3333 idoneam
1625 3297 1717 3334 fuifle
1743 3299 1790 3335 ad
1815 3302 1998 3337 moderan-
2025 3309 2091 3342 180

1131 3349 1217 3383 dam
1233 3344 1494 3390 Rempublicam
1507 3343 1726 3382 IsraelitIcam
1743 3348 1894 3382 maxime
1907 3350 1998 3385 durae

1132 3394 1272 3431 cervicIS
1284 3420 1294 3436 ,
1305 3391 1466 3439 Narbona
1480 3393 1517 3428 de
1529 3401 1621 3429 aetate
1631 3406 1712 3430 anno
1723 3395 1883 3439 centesimo
1896 3397 2000 3448 quasi,

1870 3452 1958 3476 umc-
