2295 3757
621 70 719 134 De
743 65 1171 149 Qindenniis
1193 108 1210 136 ,
1227 67 1386 151 Cap.
1403 69 1577 130 LVI.

77 192 122 227 45
153 186 246 218 Mora
260 182 388 221 incluHa
402 194 442 219 ex
452 183 543 228 culpa
557 183 717 221 creditoris
724 191 782 216 non
793 178 832 220 cst
842 180 1030 224 imputanda

201 227 336 267 debitori
348 231 429 268 alids
440 231 566 275 solvere
576 256 584 271 ‚
593 237 706 278 parato
721 253 729 262 .

91 280 138 321 46
164 276 278 319 Moros
274 289 310 314 us
322 291 381 316 non
393 278 485 326 potest
496 279 596 314 alium
608 279 641 312 in
655 287 740 311 mora
749 270 932 311 constituere
943 296 952 306 .

96 334 142 367 47
167 327 263 359 Mora
276 329 438 363 creditoris
451 328 484 362 in
502 326 629 372 petendo
643 319 854 368 compensatur
866 329 937 353 curn
947 329 1035 354 mora

214 370 361 409 debitoris
371 378 402 410 in
413 386 470 409 non
477 372 630 417 solvendo
641 394 650 404 .

97 418 144 462 48
168 420 248 461 Non
258 423 432 468 requiritur
440 423 476 456 de
487 415 654 462 uecrffitate
662 412 828 460 depositum
841 412 1022 460 quindennii
1033 435 1043 450 2

211 465 264 508 sed
280 470 320 503 ad
330 468 487 504 cautelam
499 491 508 500 .

98 522 119 556 q
124 523 146 556 9
171 514 287 549 Potius
301 517 431 551 creditor
443 514 558 550 dicitur
568 509 705 553 morosus
716 533 725 546 ‚
745 509 869 555 quinon
878 506 946 551 fuit
956 507 988 540 in
998 506 1043 541 Io-

222 573 257 596 co
269 562 418 603 diJiinatae
423 560 589 604 solutionis
600 582 608 591 .

100 617 145 650 50
168 610 242 652 ‘Nec
255 610 424 657 requiritur
434 606 542 652 aliqua
554 604 731 648 protest-itio
746 629 754 636 .

98 665 117 698 ς
129 665 142 689 1
171 660 209 689 ln
219 658 291 701 pari
299 667 384 690 mora
395 653 501 689 melior
515 652 552 694 eft
567 654 700 686 conditio
712 649 860 686 debitoris
872 673 882 683 .

101 711 144 745 52
173 704 282 738 Maior
293 702 330 742 esi
344 712 430 735 mora
442 700 600 733 creditoris
614 701 714 733 innon
727 698 879 743 exigendo
892 720 902 735 ‚
923 692 1041 742 qua'nu

215 749 362 785 debitoris
374 749 405 782 in
418 758 477 781 non
482 746 634 789 solvendo
647 767 653 774 -

99 806 140 839 53
168 798 356 831 Mandatum
368 795 614 840 exequutivum,
626 793 698 827 licet
711 791 750 827 ab
761 790 970 833 eodcmfuerit
984 796 1040 833 ap-

213 843 362 889 pellatum
376 866 384 879 ,
396 852 453 874 non
467 842 592 885 itnpedit
605 841 821 886 purgationem
834 847 927 872 morae
936 861 946 870 .

103 899 148 932 54
171 889 290 924 Melius
305 891 403 922 intrat
414 889 564 934 purgatio
577 898 665 921 mora·
676 886 717 930 ,Ji
729 897 842 920 manus
852 892 976 918 mortua
989 884 1038 916 de-

211 935 296 980 fierit
301 935 430 977 solvere
441 936 627 978 quindennia
639 946 678 968 ex
693 946 738 971 eo,
751 932 831 979 quod
839 929 956 977 Judcx
970 940 1038 963 eam

216 980 385 1017 inhibuerit
392 986 404 1023 J
409 980 507 1028 equesl
511 993 544 1016 ro
555 1005 564 1019 ‚
577 982 613 1017 ne
625 981 811 1028 quindennia
818 979 961 1021 solveret
975 983 1039 1011 Do-

213 1031 297 1064 mino
308 1031 422 1063 dircc'to
437 1054 444 1062 .

51 1105 55 1110 .
101 1085 141 1121 ξς
170 1076 343 1113 Dummodo
353 1085 455 1111 tumen
466 1084 650 1121 praceptum
662 1075 797 1121 Judicis
818 1085 857 1108 ex
869 1071 934 1110 alia
946 1068 1038 1112 causa

216 1123 388 1165 extrinseca
402 1125 550 1169 originem
560 1123 667 1158 trahat
681 1147 690 1157 .

104 1173 149 1212 56
175 1171 244 1216 ‚Qui
255 1171 294 1213 est
304 1171 397 1213 caula
409 1170 505 1213 causa·
518 1193 528 1209 ,
544 1169 583 1212 esi
594 1170 687 1213 tauja
701 1169 842 1213 causati.

103 1229 145 1261 57
172 1217 365 1265 Sequeslrum
388 1217 584 1265 prelumitur
608 1216 758 1261 collufive=
780 1221 984 1262 procuratum
999 1215 1040 1249 ad

217 1267 404 1300 evitandam
413 1266 595 1307 solutionem
605 1265 785 1310 quindennii
798 1288 808 1298 .

106 1313 148 1354 58
174 1310 310 1358 Judicis
319 1311 464 1346 inhibitio
470 1311 543 1356 five*
553 1310 644 1356 julia,
654 1310 723 1355 five
732 1312 762 1344 in
766 1309 846 1356 justa
856 1310 994 1344 timenda
1008 1332 1017 1341 .

102 1368 117 1402 5
124 1369 146 1402 9
170 1361 331 1406 Purgatio
351 1369 442 1394 morae
460 1360 606 1403 competit
616 1361 712 1394 etiam
734 1359 882 1392 creditori
905 1356 1042 1403 Empby-

216 1415 308 1442 teuta:
322 1430 332 1440 .

101 1457 148 1493 60
172 1455 310 1490 creditor
333 1454 546 1500 Ernphyteutae
572 1455 749 1488 admittitur
769 1452 810 1487 atl
819 1452 1042 1499 purgandam)

221 1512 342 1536 moram
354 1505 448 1537 etiam
459 1514 491 1536 re
504 1513 562 1536 non
572 1503 690 1540 integra
703 1525 712 1534 .

98 1553 141 1586 61
168 1547 288 1585 Melius
299 1549 398 1583 intrat
409 1550 558 1595 purgatio
572 1559 661 1583 morae
675 1573 685 1588 ‚
701 1546 728 1590 fi
745 1545 878 1592 forsitan
896 1547 1045 1585 quinden-

221 1598 306 1631 nium
317 1592 388 1641 esset
398 1596 500 1630 adhoc
511 1595 720 1637 aestimandum
731 1620 738 1628 .

103 1648 149 1681 62
173 1642 329 1688 'Nondum
337 1641 424 1685 fabia
443 1644 624 1688 quindennii
636 1642 831 1684 aeftimatione
841 1651 953 1676 manus
963 1651 1042 1675 mor-

221 1699 278 1725 tua
287 1701 345 1723 non
355 1691 472 1724 dicitur
484 1691 516 1724 in
525 1701 611 1724 mora
622 1689 858 1731 illudsolvendi
869 1712 878 1722 .

104 1741 148 1782 63
176 1738 334 1782 Purgatio
347 1747 437 1788 morat
448 1738 558 1774 intrat,
567 1735 594 1779 fi
605 1747 716 1771 manus
727 1745 852 1771 mortua
862 1737 1000 1782 excipiat
1011 1736 1047 1770 de

224 1785 464 1830 compenlatione
475 1795 546 1817 cum
559 1785 744 1830 quindennio
760 1807 769 1817 .

107 1836 155 1877 64
178 1832 334 1879 Qanvis
355 1842 442 1864 mora
447 1830 488 1873 fit
494 1832 655 1875 geminata
669 1855 679 1870 ‚
698 1829 799 1866 adbuc
813 1829 852 1872 est
859 1829 1044 1877 purgabilis

223 1881 260 1913 de
269 1879 414 1923 aequitate
424 1883 446 1912 C
448 1879 577 1912 anonica
591 1900 601 1910 .
614 1912 619 1916 ,

103 1931 146 1970 65
173 1925 249 1969 Nifi
260 1925 412 1958 creditum
427 1935 537 1957 manus
548 1932 675 1958 mortuae
682 1923 722 1968 sit
733 1925 766 1959 in
779 1926 891 1960 minori
897 1925 1022 1968 summa
1034 1951 1044 1966 ,

223 1969 317 2017 qucim
328 1969 465 2004 debitum
475 1971 656 2015 quindennii
667 1992 675 2000 ·

107 2023 152 2056 66
173 2022 280 2054 Intrat
287 2019 435 2064 purg.zti'o
457 2028 547 2052 morie
561 2040 571 2054 ,
589 2016 616 2060 fi
629 2020 722 2053 etiam
735 2030 847 2054 manus
855 2029 981 2055 mortua
990 2028 1045 2066 per

221 2063 416 2100 oblivionem
426 2064 560 2106 omiserit
570 2067 791 2106 quindennium
797 2066 926 2108 solvere
940 2092 950 2101 .

105 2117 151 2159 67
177 2118 255 2159 Non
267 2110 306 2152 eft
318 2112 406 2145 locus
413 2112 595 2156 purgationi
607 2123 698 2147 morae
711 2137 720 2151 ‚
741 2112 769 2156 fi
782 2115 863 2147 inter
875 2114 1044 2149 Dominum

219 2160 370 2195 directum
384 2183 392 2196 ‚
417 2160 459 2193 <7⁹
468 2168 594 2191 manum
611 2168 766 2193 mortuam
769 2161 868 2203 fuerit
881 2162 1045 2196 concorda-

219 2205 387 2250 tumsuper
402 2204 568 2246 exclusione
576 2208 775 2251 purgationis
788 2219 879 2242 rnorae
894 2233 903 2242 .

107 2258 153 2294 68
177 2253 317 2292 Titulari
329 2264 386 2286 non
401 2253 547 2297 competit
551 2255 703 2297 purgatio
714 2265 813 2291 morte,
826 2256 952 2300 quando
964 2256 996 2289 in
1007 2254 1044 2290 li-

223 2303 298 2338 teris
311 2299 468 2343 ‘Pensionis
478 2299 557 2337 adest
569 2302 697 2344 pactum
708 2301 917 2343 resolutzvum
927 2327 936 2334 .

105 2355 151 2394 69
177 2355 289 2385 Mater
298 2357 356 2380 non
365 2355 468 2392 petens
477 2353 609 2381 tutorem
618 2346 702 2381 intra¹
712 2360 827 2382 annum
832 2348 913 2391 filio,
923 2360 1042 2384 moram

221 2405 281 2431 non
289 2402 410 2440 purgat
420 2417 429 2426 .

105 2457 152 2489 70
175 2450 336 2480 'Patronus
358 2452 416 2475 non
438 2439 622 2486 praesentans
634 2440 719 2476 intra*
729 2450 852 2488 tempus
867 2467 876 2482 ‚
901 2454 1044 2479 morant>

221 2498 361 2538 purgare
370 2489 477 2533 nequit
489 2511 499 2521 .

107 2553 151 2587 71
179 2535 342 2574 Contraria
358 2535 382 2578 s
378 2536 509 2568 enten1ia
529 2538 570 2571 ad
582 2536 740 2578 summum
759 2540 935 2583 procederet
947 2540 1047 2574 data„

224 2583 402 2629 ignorantia
413 2581 748 2625 vacationissseneficii
756 2608 766 2617 .

106 2650 153 2683 72
171 2630 363 2675 ‘Prorogatio
376 2630 416 2662 ad
428 2629 671 2672 praesentandum
683 2631 805 2665 concedi
814 2632 907 2678 potest
920 2657 929 2667 .

109 2694 151 2729 73
179 2681 279 2717 1)οὲἶο
289 2678 324 2710 de
336 2676 475 2721 legitimo
490 2679 702 2723 impedimento
714 2701 724 2716 ,
748 2679 907 2715 ‘Patronus
926 2692 1048 2718 moram

228 2734 364 2773 purgare
371 2724 486 2767 poterit
497 2747 507 2757 .

111 2787 159 2822 74
182 2774 341 2812 Elebtores
363 2780 422 2804 non
442 2769 586 2815 eligentes
609 2772 642 2806 in
660 2779 794 2817 tempore
803 2797 814 2814 ,
841 2785 902 2809 non
909 2782 1052 2823 purgant

227 2829 347 2856 moram
361 2841 371 2851 .
387 2845 391 2850 .

117 2881 159 2915 75
187 2867 317 2905 Habens
331 2865 382 2912 jus
393 2865 601 2910 praelationis,
624 2864 724 2910 elapso
737 2864 892 2908 bimestri,
915 2881 975 2906 non
987 2881 1054 2906 am-

233 2914 317 2961 plius
330 2914 505 2947 admittitur
516 2914 556 2946 ad
567 2915 765 2958 purgandum
775 2925 895 2950 moram
909 2941 918 2950 .
990 2946 992 2948 ,

113 2969 160 3008 76
182 2964 318 2999 ‘Paolum
328 2959 538 3002 resolutivum
553 2959 633 2993 nihil
643 2959 730 2993 aliud
743 2963 919 3006 exprimens
933 2987 941 3001 ‚
956 2962 1054 3009 qua¹m

230 3009 314 3056 quod
325 3008 362 3042 de
383 3006 475 3053 Jure
486 3006 559 3049 inest
569 3030 578 3045 ‚
604 3018 664 3041 non
687 3007 815 3053 impedit
836 3013 1056 3055 purgationem

229 3066 320 3091 morae
331 3080 341 3088 .

115 3117 161 3149 77
185 3106 265 3148 ‘Non
274 3100 363 3137 debet
373 3098 428 3146 effe
439 3102 471 3135 in
482 3099 628 3147 potestate
639 3101 766 3135 Domini
774 3102 884 3137 diretti
896 3102 1054 3145 auferre-2

230 3147 408 3190 beneficium
417 3149 617 3194 purgationis
629 3158 720 3182 morae
733 3172 742 3179 .

118 3202 163 3244 73
191 3197 269 3233 allii
279 3203 380 3230 tenent
391 3220 400 3234 ‚
423 3206 481 3228 non
505 3197 574 3229 dari
596 3193 815 3235 restitutionem
829 3196 861 3230 in
873 3198 1048 3242 integrum,

233 3253 273 3288 qu
279 3243 355 3276 ando
364 3240 445 3283 adest
454 3244 580 3286 paetum
594 3241 806 3283 resolutivam
815 3266 824 3276 .

116 3305 164 3337 79
189 3292 297 3325 Stante
310 3296 493 3339 paupertate
503 3299 615 3322 manus
627 3296 754 3323 mortuae
764 3312 773 3327 ‚
785 3301 844 3324 non
853 3289 988 3332 obstante
999 3299 1057 3337 pa-

232 3338 279 3371 tto
289 3334 460 3378 resoluttvo
469 3358 479 3373 ,
496 3334 597 3370 adhuc
609 3333 647 3375 est
657 3335 745 3371 locus
751 3339 935 3382 purgationi
944 3348 1035 3374 morae
1045 3363 1056 3374 .

1114 181 1159 214 80
1185 178 1319 223 Ecclesia
1329 178 1449 214 cultrix
1462 175 1500 217 est
1511 190 1534 212 ae
1558 178 1669 213 uitatis
1680 183 1692 211 .“

1114 229 1155 262 81
1185 229 1290 262 Etiam
1315 228 1348 261 in
1362 225 1534 272 Empbyteu
1547 238 1558 260 ι
1579 223 1709 272 privati
1729 221 1769 264 esl
1783 222 1870 258 locus
1883 226 2072 272 purgationi

1237 284 1328 309 morae
1343 298 1352 308 .

1124 322 1166 357 82
1194 321 1411 367 Empbyteutae
1436 317 1574 363 Ecclefiae
1584 318 1762 354 conceditur
1785 314 1945 352 biennium
1965 319 2005 352 ad
2010 315 2032 358 s
2029 317 2073 352 ol-

1242 371 1383 403 vendam
1393 371 1547 402 Canonem
1559 391 1566 400 .

1127 417 1167 458 83
1196 417 1305 453 Etiam
1319 416 1434 461 Judaei
1450 425 1569 448 moram
1599 422 1714 456 urgare
1724 409 1846 456 poJJunt
1859 433 1869 443 .

1125 464 1170 505 84
1194 462 1357 543 Chrisliffni
1369 463 1408 497 ηδ
1417 459 1527 496 debent
1536 473 1550 495 e
1577 471 1593 494 c
1601 459 1764 493 deterioris
1775 453 2073 500 conditionis,qucim

1276 523 1293 543 u
1320 521 1352 543 αι
1368 535 1377 544 .

1127 557 1168 599 85
1197 508 1332 600 EcZefia
1345 558 1378 591 in
1388 557 1546 602 integrum
1556 552 1741 592 restituenda
1753 550 1791 587 ob
1805 562 1864 586 non
1870 547 2008 591 solutum
2020 561 2073 583 ca-

1241 615 1350 638 nonem
1361 628 1370 637 .

1126 652 1170 686 86
1197 649 1311 685 contrd
1324 651 1532 685 caducitatem
1542 648 1563 690 s
1560 656 1659 691 emper
1672 649 1702 681 in
1715 645 1810 681 dubio
1825 641 1997 690 judicanda
2013 639 2051 681 esl
2063 666 2072 674 .

1124 699 1167 739 87
1193 702 1313 732 Manus
1325 705 1450 732 mortua
1466 696 1565 731 multo
1578 707 1635 729 aere
1645 694 1745 730 alieno
1753 700 1914 739 gravata,
1928 701 1986 724 non
1994 697 2072 735 pur-

1237 753 1296 790 gat
1308 754 1428 779 moram
1441 768 1451 777 .

1125 795 1169 829 88
1195 791 1364 828 Probanda
1378 790 1418 834 est
1427 797 1598 837 paupertas
1606 786 1745 834 specifice
1758 811 1768 826 ,
1782 798 1840 822 non
1849 784 1965 830 sufficit
1975 783 2008 818 in
2014 792 2076 828 ge-

1239 851 1309 874 nere
1322 864 1331 873 .

1123 889 1166 930 89
1192 889 1229 921 In
1244 887 1418 931 aragonia
1431 896 1490 920 non
1497 884 1575 926 solet
1586 895 1673 919 mora
1687 883 1822 929 purgari
1836 905 1846 914 .

1121 945 1168 977 90
1195 934 1266 971 Tali
1279 936 1333 976 cas
1332 946 1350 967 u
1366 934 1424 968 crit
1437 933 1524 967 locus
1534 928 1800 975 irrefragabiliter
1811 936 1901 973 poenae
1913 921 2071 968 commiffi.

1123 992 1143 1024 9
1153 994 1164 1015 1
1196 983 1310 1017 Eodem
1321 980 1392 1020 casu
1408 980 1553 1024 competit
1567 976 1718 1018 restitutio
1732 976 1762 1008 in
1775 978 1933 1019 integrum
1947 997 1955 1006 .

1121 1039 1166 1072 92
1191 1032 1230 1063 In
1242 1028 1313 1071 casu
1327 1025 1444 1070 diverfi
1454 1024 1624 1072 privilegii
1648 1022 1827 1069 privilegia
1847 1031 1906 1054 non
1920 1019 2070 1067 conquas-

1249 1084 1346 1110 antur
1356 1099 1365 1109 .

1119 1133 1162 1167 93
1191 1076 1295 1161 Prsmt
1306 1121 1432 1170 quando
1445 1131 1504 1155 una
1518 1129 1629 1153 manus
1639 1124 1763 1153 mortua
1777 1116 1895 1150 traltat
1910 1114 1945 1147 de
1955 1114 2068 1148 damno

1237 1171 1374 1206 vitando
1385 1193 1395 1202 .

1123 1229 1170 1263 94
1195 1220 1307 1265 Magis
1323 1219 1353 1252 in
1367 1213 1462 1251 dubio
1472 1214 1653 1259 favendum
1671 1209 1822 1247 trattanti
1838 1210 1873 1244 de
1885 1209 1998 1242 damno
2013 1208 2070 1240 vi-

1240 1266 1334 1300 tando
1349 1288 1358 1297 .

1123 1324 1165 1358 95
1195 1314 1245 1348 Fit
1258 1312 1371 1347 mentio
1384 1307 1553 1352 honorifica
1565 1308 1706 1342 Alvarez
1722 1306 1830 1350 Pegas
1844 1301 1988 1347 Lusitani
1999 1325 2010 1335 .

1122 1365 1169 1406 96
1193 1365 1312 1395 Manus
1326 1367 1451 1394 mortua
1466 1358 1546 1393 idem
1558 1353 1652 1390 habet
1661 1352 1873 1400 privilegium
1886 1375 1895 1390 ,
1913 1349 1995 1395 quod
2003 1349 2070 1395 pri-

1241 1415 1344 1441 vatus*
1357 1430 1367 1440 ι

1126 1466 1170 1500 97
1197 1454 1387 1496 Consuetudo
1413 1451 1593 1497 Aragoniae
1612 1460 1670 1484 non
1680 1447 1841 1495 purgandi
1853 1454 1974 1478 moram
1980 1441 2072 1486 forsi-

1241 1510 1296 1536 tan
1309 1512 1367 1535 non
1382 1502 1479 1534 intrat
1489 1501 1521 1533 in
1534 1507 1627 1531 manu
1644 1502 1768 1530 mortua
1779 1488 1984 1535 Ecclcfiasiica
1996 1513 2006 1523 .

1123 1553 1168 1595 98
1196 1554 1292 1594 Super
1305 1548 1361 1582 boc
1381 1556 1485 1582 tamen
1508 1545 1639 1579 „Auctor
1653 1553 1712 1577 non
1718 1539 1794 1586 figit
1802 1540 1895 1586 pedes
1908 1561 1918 1577 ,
1943 1547 1996 1572 nec
2011 1536 2068 1572 dat

1239 1606 1353 1630 777ιῖ71145
1366 1619 1374 1628 ι

1123 1657 1170 1690 99
1194 1647 1272 1687 Non
1287 1641 1378 1677 valet
1391 1639 1575 1683 consuetudo
1588 1642 1764 1683 Laycoium
1787 1634 1819 1668 in
1825 1629 2069 1679 praeiudicium)

1243 1688 1376 1733 Ecclesia
1389 1713 1398 1723 .

1108 1752 1174 1776 100
1197 1738 1284 1774 Talis
1298 1736 1480 1779 consuetudo
1485 1732 1618 1774 strictim
1629 1727 1857 1775 interpretanda
1871 1750 1881 1760 .

1107 1800 1170 1824 101
1198 1789 1228 1818 ‘P
1289 1785 1368 1820 alem
1379 1781 1624 1826 consuetudinem
1636 1776 1787 1820 restitutio
1803 1776 1834 1809 in
1844 1775 2001 1818 integrum
2010 1782 2070 1807 non

1298 1841 1386 1866 ertur
1397 1855 1406 1864 .

1107 1894 1170 1918 102
1196 1887 1262 1918 'Pro
1275 1832 1463 1926 {rogatione
1469 1874 1659 1921 solvendum
1672 1881 1731 1906 non
1741 1867 1780 1909 est
1791 1867 2014 1912 quindennium
2024 1888 2034 1898 .

1107 1942 1119 1964 x
1127 1941 1169 1971 03
1200 1929 1307 1963 Etiam
1316 1924 1378 1972 post
1387 1932 1538 1970 pugatam
1549 1931 1669 1955 moram
1678 1924 1814 1951 remanet
1825 1912 2010 1955 investitura
2020 1935 2030 1945 .

1106 1987 1174 2018 104
1198 1975 1364 2019 Fulginate
1371 1972 1394 2014 s
1390 1972 1517 2006 olvitur
1529 1964 1686 2003 laudemiu
1699 1973 1752 2004 pro
1763 1962 1950 2009 purgatione
1962 1967 2066 1993 morae.

1106 2035 1166 2065 105
1197 2023 1270 2067 Qo
1280 2022 1351 2063 casu
1361 2018 1551 2061 solvendum
1565 2014 1603 2056 eft
1618 2011 1839 2059 quindennium
1854 2032 1862 2041 .

1105 2067 1171 2106 106
1198 2069 1337 2103 Bononiae
1348 2073 1508 2112 purgatur
1526 2073 1612 2097 mora
1621 2057 1680 2101 sub
1694 2055 1883 2102 obligatione
1893 2052 2067 2099 duplicato-

1240 2125 1312 2149 rum
1325 2123 1475 2147 canonum
1489 2135 1497 2144 ι

1106 2175 1170 2206 107
1198 2162 1398 2208 Qindennia
1408 2157 1540 2203 singulis
1565 2153 1738 2200 quindecim
1748 2149 1838 2185 annis
1847 2147 1938 2190 solvi
1945 2145 2045 2189 solent
2059 2169 2069 2179 .

1106 2214 1172 2247 108
1198 2211 1303 2245 Etiam
1317 2209 1349 2241 in
1363 2206 1434 2247 casu
1451 2215 1508 2239 non
1523 2201 1560 2244 eft
1572 2202 1659 2236 locus
1668 2196 1817 2241 solutioni
1839 2194 2068 2241 duplicatorum

1244 2254 1501 2301 quindenniorum
1512 2275 1520 2283 .

1104 2317 1170 2348 109
1196 2302 1290 2339 Bulla
1300 2301 1433 2341 striltim
1445 2296 1643 2341 intelligenda
1655 2291 1694 2333 esi
1714 2290 1818 2333 insola
1831 2288 1903 2328 casu
1919 2283 2067 2333 expreffo.

1103 2365 1117 2389 1
1129 2365 1170 2389 10
1196 2352 1229 2385 Si
1239 2349 1456 2395 praeciperetur
1469 2345 1663 2389 duplicatum
1688 2337 1881 2374 laudemium
1890 2359 1900 2375 ,
1923 2344 1998 2370 tunc
2007 2332 2070 2375 [ol-

1244 2397 1384 2430 vendum
1395 2390 1464 2438 effet
1476 2390 1700 2434 quindennium
1710 2411 1719 2420 .

1108 2459 1121 2482 1
1133 2459 1145 2482 1
1157 2459 1169 2482 1
1199 2443 1430 2489 Qiindennium
1438 2433 1576 2481 successit
1588 2437 1619 2469 in
1631 2435 1734 2469 locum
1747 2431 1897 2467 laudemii
1908 2453 1918 2463 .

1109 2507 1124 2530 1
1133 2506 1172 2529 12
1201 2490 1432 2536 ,Quindertnium
1443 2482 1521 2520 nibil
1532 2481 1627 2518 habet
1642 2490 1799 2516 commune
1811 2488 1882 2513 cum
1897 2485 2011 2511 canone
2023 2498 2032 2508 .

1270 2575 1734 2618 CAPITULUM
1780 2572 1905 2607 LVI.

1198 2677 1314 2715 Iscuffa
1324 2685 1488 2723 quantum
1502 2671 1579 2708 satis
1591 2671 1624 2706 in
1636 2670 1776 2706 anteafilo
1786 2671 1862 2714 Cap.
1872 2661 1977 2711 inspe-

1214 2726 1324 2761 &tione
1337 2749 1346 2762 ,
1362 2722 1458 2769 quod
1473 2730 1594 2756 manus
1604 2727 1738 2752 mortua
1748 2715 1977 2759 Emphyteuta

1111 2774 1236 2809 habens
1248 2772 1396 2818 aliquam
1410 2768 1543 2805 causam
1558 2777 1627 2801 non
1653 2760 1801 2800 solvendi
1815 2760 1978 2812 quindei}-

1111 2821 1205 2856 nium
1219 2845 1228 2859 ,
1245 2828 1395 2855 teneatur
1408 2817 1489 2851 illud
1502 2816 1666 2860 deponere
1681 2835 1692 2850 ‚
1712 2808 1821 2844 modo
1834 2816 1977 2853 porrlgl-

1111 2877 1164 2903 tur
1175 2867 1251 2902 ansa
1265 2863 1464 2900 discutiendi
1476 2860 1664 2908 praesentem
1677 2854 1908 2902 inspeffiouem
1921 2864 1977 2895 ap-

1111 2915 1220 2960 prime*
1235 2914 1350 2948 utilem
1365 2936 1375 2950 ‚
1400 2922 1439 2946 ae
1453 2909 1533 2945 scitu
1549 2903 1857 2943 necefl'ariffimam,
1880 2896 1977 2944 quod

1114 2961 1232 3006 nempe
1244 2969 1364 2995 manus
1377 2967 1511 2993 mortua
1531 2954 1757 3000 Emphyteuts
1769 2960 1837 3001 tion
1852 2944 1977 2980 solvens

1114 3007 1370 3054 quindennium,
1383 3004 1587 3041 admittatur
1600 3001 1643 3036 ad
1656 3005 1889 3045 purgdtlonenj
1903 3003 1978 3025 mo-

1112 3067 1155 3091 tae
1166 3081 1175 3095 ‚
1189 3067 1261 3101 quae
1272 3053 1410 3100 quidem
1419 3050 1575 3096 inspeetio
1585 3073 1595 3087 ,
1609 3044 1738 3090 ejusque
1750 3039 1906 3094 resolutio
1919 3037 1977 3072 de-

1112 3103 1235 3149 pendet
1247 3101 1292 3137 ab
1303 3100 1368 3135 alia
1381 3097 1582 3144 inspefflone
1595 3119 1604 3132 ‚
1629 3103 1670 3127 an
1691 3089 1844 3140 videlicet
1857 3085 1976 3120 eadem

1112 3160 1232 3185 manus
1241 3158 1376 3183 mortua
1390 3158 1456 3181 non
1468 3143 1595 3179 solvens
1606 3136 1866 3187 quindenmum2
1876 3132 1979 3167 cadat

1110 3196 1146 3231 in
1157 3194 1368 3232 commiffinn
1379 3218 1389 3232 ,
1415 3193 1438 3226 fi
1452 3189 1575 3226 etenim
1589 3185 1680 3221 cadit
1693 3184 1728 3218 in
1741 3177 1953 3232 commissam·
1964 3203 1974 3217 ,

1114 3242 1244 3288 indiget
1255 3241 1300 3276 ad
1313 3238 1524 3276 retinendum
1550 3229 1800 3281 Emphyteufitn
1812 3225 1979 3281 beneficio

1114 3287 1325 3337 purgationis
1337 3298 1448 3324 morae,
1464 3283 1486 3317 fi
1501 3291 1613 3317 autem
1625 3290 1692 3313 non
1703 3276 1795 3312 cadit
1806 3279 1887 3314 ,1110
1902 3272 1979 3308 sane

1117 3348 1187 3373 non
1200 3335 1330 3380 indiget
1346 3359 1356 3373 ,
1367 3344 1408 3366 eo
1422 3330 1518 3377 qudd
1531 3324 1666 3374 proprie*
1677 3333 1801 3371 pauper
1812 3331 1981 3375 iijoram-2
2031 3333 2047 3358 1

1339 3383 1376 3415 M
1388 3390 1423 3415 m
1461 3390 1480 3412 2
1830 3378 1940 3403 incur·
