2295 3757
585 82 684 146 De
701 75 1134 160 Qindenniis
1149 117 1166 145 ‚
1201 74 1360 162 Cap.
1375 73 1605 144 XLVI
1609 129 1620 142 .

189 193 303 228 vendo
319 192 521 228 adveniente
534 201 686 238 tempore
699 215 710 230 ‚
723 190 882 225 Donad.de
894 190 1069 224 renunciat.

188 251 256 285 cap.
264 243 374 276 28.n.8
382 252 395 282 3
404 252 484 276 *cum
493 237 610 288 seq.lib.
618 237 982 274 1.surd.dcc.Manman.
991 248 1003 270 1
1013 248 1069 271 20.

187 290 464 329 nit-13.Hod1'crna
476 289 517 323 ad
529 287 690 322 eund.n.2.
705 279 802 317 affert
815 291 926 318 tamen
944 283 1062 318 eartol.

189 336 221 369 in
233 335 328 368 heum
338 359 346 373 ,
361 337 418 381 qui
433 327 824 377 15.num·3.cumseq.ff-de
836 332 952 364 annuis
965 330 1062 375 legat.

124 392 166 426 57
192 381 364 427 pulchram
378 382 586 418 canthelam,
611 387 680 422 qua
699 375 920 422 emphyteuta
942 377 1061 412 antici-

190 429 270 473 pate‘
286 429 390 464 eti-am
405 440 468 475 pro
479 429 591 462 decem
603 422 702 458 anuis
712 421 833 458 solvere
846 423 947 469 possit
958 435 1061 459 cano-

186 486 280 514 nem,
300 474 457 511 faciendo
469 472 589 508 scilicet
603 470 760 506 Domino
772 470 1034 506 Instrumentum
1047 496 1057 510 ,

186 521 222 556 in
236 534 307 568 quo
319 522 424 568 ipsum
435 521 468 555 in
483 518 675 554 Dominum
689 517 910 564 recognoscat
919 530 984 564 pro
997 518 1058 554 illo

188 578 338 616 tempore
348 593 358 609 ,
375 579 445 615 quo
452 577 599 603 canones
609 565 708 602 solvit
717 589 728 600 .

164 682 989 739 ARGUMENTUM.

90 805 320 853 Emphyteuta
338 802 506 839 alienante
521 802 664 840 fundum
690 801 979 849 emphyteuticum
994 801 1059 837 in„

139 863 278 890 manum
292 860 464 886 mortuam
480 876 489 889 ,
509 857 540 886 ἂν
558 852 712 886 Domino
723 850 853 886 directo
880 860 920 883 ex
937 849 1059 884 aliena-

139 900 230 935 tione
245 897 437 942 hujusmodi
450 899 630 944 recipiente
645 895 852 933 laudemium
864 920 873 934 ,
895 907 963 931 non
977 896 1058 932 inde

134 944 281 983 censetur
292 944 461 982 remissum
473 945 720 993 quindennium
735 945 769 980 in
784 940 937 979 fututum
952 968 962 978 .

322 1039 824 1076 SUMMARIUM.

139 1150 156 1175 1
183 1138 396 1185 Emphyteuta
417 1136 572 1172 alienante
594 1135 730 1180 fundum
742 1133 1009 1180 emphyteuticum
1027 1135 1060 1169 in

229 1197 358 1220 manum
371 1192 541 1219 mortuam,
552 1185 595 1219 Θ
609 1183 742 1217 Domino
754 1183 870 1215 direiio
882 1192 922 1215 ex
936 1181 1057 1215 aliena-

230 1234 313 1267 tione
322 1230 420 1276 hujus
415 1232 498 1264 modi
508 1231 672 1276 recipiente
684 1229 878 1262 laudemium
892 1251 901 1265 ,
918 1239 977 1262 non
986 1228 1056 1263 inde

228 1279 366 1321 censetur
379 1274 534 1321 remissum
548 1277 770 1319 quindennium
780 1275 967 1318 infuturum
977 1299 985 1308 .

132 1341 153 1365 2
180 1326 343 1370 consensus
354 1327 394 1360 ad
406 1335 502 1358 unum
509 1323 602 1365 finem
614 1321 769 1370 praesiitus
779 1347 788 1362 ,
803 1334 862 1357 non
877 1324 1057 1358 extenditur

231 1375 272 1407 ad
282 1373 382 1407 alium
395 1372 558 1412 diversum
571 1396 579 1404 .

133 1433 151 1467 3
180 1419 346 1462 consensus
369 1422 417 1453 uti
425 1418 528 1458 siritii
538 1419 640 1457 iuris,
667 1428 727 1453 non
741 1417 924 1453 extenditur
937 1419 974 1452 de
987 1418 1060 1461 casu

227 1469 268 1502 ad
280 1467 385 1500 casum
395 1490 405 1500 .

130 1528 157 1562 4
178 1514 340 1551 Generalis
361 1513 547 1555 consuetudo
571 1514 751 1548 introduxit
776 1513 967 1560 quindenm'a
992 1514 1058 1550 loco

225 1562 455 1596 laudemiorum
466 1583 475 1599 ,
499 1561 541 1595 ad
550 1559 769 1602 consulendum
781 1563 981 1596 indemnitati
992 1569 1059 1597 Do-

223 1611 302 1644 mini
311 1609 420 1643 ιίἰνεὲἶί
432 1631 443 1641 .

133 1671 149 1704 ς
178 1657 413 1703 ,Qtindennium
426 1655 550 1689 iteratis
562 1653 695 1690 vicibus
707 1655 737 1689 in
748 1655 902 1701 perpetuu
915 1654 1057 1691 debetur.

129 1712 153 1743 6
177 1705 275 1746 Casus
285 1699 464 1745 remzffionis
473 1703 733 1747 quindenniorum
743 1701 781 1737 ob
792 1705 929 1738 trabium
937 1702 1050 1747 succes
1044 1722 1058 1731 ·

216 1750 328 1795 sivum
340 1748 377 1787 esi
389 1748 552 1795 perniciosi
572 1760 657 1784 lmus
670 1775 678 1784 .

127 1812 152 1846 7
179 1796 334 1844 Successor
344 1798 377 1832 in
392 1794 550 1837 Beneficio,
561 1797 680 1840 etiamsi
689 1796 805 1832 locatio
815 1795 886 1843 esset
894 1805 951 1844 per
961 1799 1058 1833 trien-

223 1847 312 1880 nium
333 1869 342 1883 ,
362 1851 406 1879 Θ
431 1846 577 1887 reciperet
594 1843 764 1887 pensionem
791 1845 887 1878 unius
901 1844 1058 1886 semestris

221 1893 374 1937 praeteriti
385 1913 394 1928 ‚
407 1889 500 1930 trans
495 1890 563 1923 αὲἶο
573 1888 596 1930 s
590 1889 720 1932 emesiri,
730 1890 826 1936 potest
839 1892 1056 1926 conductorem

221 1937 374 1983 expellere
386 1961 396 1970 .

131 1993 152 2026 8
176 1992 241 2021 ‘Per
260 1985 464 2030 receptionem
494 1985 592 2029 primi
612 1982 764 2018 laudemii
784 1985 918 2018 videtur
941 1995 1056 2019 manus

222 2040 348 2066 mortua
360 2030 530 2065 habilitate:
541 2033 582 2065 ad
594 2032 819 2073 acquirendam
831 2055 840 2069 ,
867 2033 910 2066 Θ
922 2033 1055 2066 retinen-

223 2080 295 2113 dam
307 2078 526 2124 emphyteusim
540 2101 548 2111 .

130 2145 153 2176 9
176 2128 255 2170 Non
264 2124 333 2160 inde
337 2126 361 2168 s
358 2127 504 2172 equitur,
529 2125 605 2171 quin
617 2125 771 2167 Dominus
794 2122 884 2172 poffit
895 2133 999 2172 petere
1002 2125 1059 2170 fu-

223 2182 298 2208 tura
313 2173 504 2218 quindennia
518 2196 528 2205 .
630 2186 633 2187 ⁷

111 2239 153 2263 10
178 2223 333 2257 Dominus
356 2219 492 2262 censetur
501 2219 668 2263 consentire
679 2219 865 2255 alienationi
877 2221 1059 2267 emphyteu-

220 2269 264 2312 sis
277 2293 286 2306 ‚
300 2271 313 2310 Ι
317 2268 408 2303 alvis
414 2267 433 2311 s
433 2268 485 2300 uis
495 2264 626 2310 juribus
639 2291 650 2302 .

112 2333 150 2358 11
179 2316 335 2363 „Quisquis
348 2313 485 2364 censetur
496 2313 670 2356 consensum
679 2312 827 2362 prestare
843 2313 938 2358 salvo
954 2316 1057 2349 rema-

223 2373 311 2398 nente
325 2364 383 2406 suo
394 2372 466 2408 jure
478 2385 488 2394 .

109 2430 125 2454 1
134 2432 152 2453 2
177 2415 240 2445 Per
251 2408 533 2451 administratorem
544 2406 746 2453 praejudicari
756 2411 865 2456 nequit
878 2435 888 2444 .

111 2477 124 2500 1
133 2477 149 2509 3
180 2461 282 2492 Locus
295 2459 375 2493 Pius
382 2454 443 2500 fibi
453 2452 659 2500 praejudicare
671 2459 778 2502 nequit
787 2465 842 2501 per
853 2458 1056 2503 receptionem

223 2505 374 2541 laudemii
387 2527 398 2542 ,
421 2500 537 2548 absque
543 2501 800 2545 solemmtatibus
811 2527 821 2537 .

248 2597 716 2633 CAPITULUM
766 2597 929 2635 XLVI.

178 2691 263 2773 H
280 2691 358 2728 Aud
370 2693 449 2727 rato
462 2690 572 2727 evenit
587 2717 597 2732 ‚
616 2690 712 2738 quod
725 2692 899 2729 Dominus
911 2693 1058 2730 directus

287 2738 454 2775 consentit
477 2738 672 2774 alienationi
693 2736 788 2774 fundi
811 2740 1057 2787 emphyteutici

176 2789 212 2825 in
225 2798 366 2824 manum
380 2790 598 2825 mortuum&
611 2797 675 2832 pro
685 2785 841 2823 consensu
857 2788 975 2835 recipit
990 2792 1060 2824 lau-

182 2835 347 2875 demium,
359 2845 418 2869 nec
434 2833 491 2868 sibi
505 2831 644 2868 reservat
654 2832 900 2878 quindennium
911 2859 921 2873 ‚
936 2846 1059 2879 putans

183 2894 242 2928 per
254 2882 477 2927 receptionem
492 2879 652 2915 laudemii
674 2891 743 2914 non
756 2880 878 2917 censeri
892 2881 1059 2917 remissum

178 2930 426 2976 quindennium
440 2939 481 2963 eo
495 2925 566 2973 ipso
577 2953 585 2967 ,
601 2926 699 2972 quod
714 2928 941 2976 emphyteutis
957 2928 1060 2964 trans-

178 2976 280 3012 fertur
292 2977 326 3012 in
338 2987 479 3012 manum
497 2983 668 3009 mortuam
681 2997 692 3012 ‚
717 2977 808 3010 unde
836 2976 921 3010 inter
935 2974 1059 3009 Domi-

183 3035 263 3058 num
276 3022 440 3059 direstum
452 3046 462 3061 ‚
478 3025 510 3056 δι
525 3032 663 3056 manum
677 3031 851 3057 mortuam
866 3022 1056 3057 Dominam

185 3071 299 3105 utilem
312 3095 322 3110 ‚
347 3069 398 3105 seu
418 3068 675 3115 emphyteutam
692 3068 772 3103 oriri
784 3069 893 3114 potest
906 3068 1056 3114 jurgium

185 3114 276 3160 super
285 3115 398 3152 debita
409 3140 419 3156 ,
442 3118 491 3151 vel
507 3125 577 3150 non
588 3114 704 3150 debita
716 3113 880 3151 solu2ion'e
892 3115 1057 3162 quinden-

185 3162 318 3197 niorum
332 3164 366 3197 in
380 3162 530 3198 futurum
541 3162 838 3203 decurrendorum;
852 3171 1059 3209 quapropter

143 3221 158 3246 1
185 3208 354 3244 afferimus
377 3211 409 3244 in
425 3207 592 3255 praesenti,
616 3209 714 3254 quod
737 3210 958 3256 emphyteuta
976 3209 1058 3245 alie-

187 3266 287 3291 nante
301 3253 442 3291 fundum
463 3256 754 3304 emphyteuticum
769 3256 802 3292 in
815 3268 955 3293 manum
970 3267 1061 3292 mor-

188 3313 282 3338 tuam
297 3327 306 3342 ‚
330 3305 360 3336 δι
379 3302 532 3337 Domino
543 3304 671 3338 directo
681 3312 722 3337 ex
736 3303 936 3340 alienatione
950 3301 1062 3348 hujus-

185 3350 285 3386 modi
297 3347 474 3394 recipiente
487 3349 692 3385 laudemium
705 3373 715 3389 ,
739 3362 808 3387 non
820 3351 901 3389 inde*
913 3350 1060 3388 censetur

1900 101 2015 169 157

1129 188 1297 225 remiss'um
1313 188 1558 237 quindennium
1574 188 1606 224 in
1620 189 1767 226 futurum
1783 217 1791 231 ‚
1806 194 1839 229 in
1853 197 2006 233 terminis

1128 237 1255 280 Solsona
1271 243 1416 273 Lucerna
1428 239 1564 274 laudem.
1579 237 1742 281 cellula.7.
1755 244 1830 274 nu.8
1839 253 1865 282 3.
1880 243 2007 279 oliban,

1127 286 1163 320 de
1176 283 1646 331 jurefiscicap.7.nu·15.praec!
1659 285 1697 319 sti
1713 287 1861 322 nominis
1874 290 2002 325 iuUrbe

1122 332 1327 367 Advocatus
1341 335 1493 368 Hercules
1519 334 1694 375 Ronconius
1719 334 1804 380 apud
1817 337 2004 377 caponsom

1118 379 1323 423 trovforens.
1335 389 1542 421 controuzo.
1556 391 1610 414 nu.
1616 391 1630 423 3
1640 383 1715 423 3.Θ
1727 381 1809 414 idem
1819 384 2003 425 Caponaead.

1117 436 1326 471 controv.30.
1339 426 1639 474 nu.34.rcpctit·posi
1654 429 1841 462 Tralliani·
1857 430 2002 462 Doctores

1117 471 1211 507 litera
1226 479 1267 507 X.
1281 475 1437 519 equidem
1453 473 1624 510 consensus
1645 474 1809 519 praestitus
1824 473 2004 509 alienatio·

1120 519 1154 555 ni
1170 520 1556 568 emphyteufis‚indequc
1573 519 1709 567 sequuta
1726 532 1875 568 receptio
1888 521 2003 556 laude-

1119 565 1180 601 mii
1191 568 1323 613 operari
1338 568 1454 614 nequit
1467 570 1554 604 ultra
1568 570 1657 603 illum
1671 570 1782 604 astum
1793 566 2004 604 consentien-

1119 613 1155 649 di
1174 625 1235 658 pro
1250 619 1388 653 tunc,ad
1402 615 1493 649 illum
1509 615 1665 652 videlicet
1677 617 1810 651 tantum
1822 613 1976 651 essestum
1994 639 2005 656 ‚

1121 671 1159 698 ut
1175 661 1401 708 emphyteusis
1417 662 1576 701 alienetur
1602 661 1635 696 in
1651 674 1790 697 manuni
1805 673 1979 698 mortuam
1993 688 2002 703 ‚

1120 720 1189 744 non
1200 719 1314 744 autern
1339 717 1384 744 acl
1398 709 1500 745 alium
1514 709 1647 755 penitus
1669 709 1836 745 diversum
1850 709 2003 746 effectum

1120 756 1313 791 remittendi
1326 754 1532 802 quindennia
1544 756 1577 791 in
1592 756 1740 790 futurum
1753 782 1761 796 ,
1777 758 1854 791 clim
1866 755 2005 792 consen-

1119 802 1171 838 sus
1184 804 1228 838 ad
1243 816 1345 839 unum
1362 804 1461 838 linem
1477 803 1640 850 praestitus
1664 800 1731 837 non
1744 805 1943 839 extendatur
1955 802 2003 838 ad

1118 852 1221 885 alium
1237 851 1384 885 maxi-nt}
1400 850 1566 886 diversum
1581 877 1589 891 ,
1606 861 1665 885 nec
1681 860 1766 885 uinus
1778 852 1870 885 aetus
1885 851 1928 886 ad
1943 849 2001 885 ali-

1118 908 1176 932 um
1191 898 1294 933 etiam
1312 896 1476 933 diversum
1491 922 1501 937 ,
1515 900 1610 941 cujus
1624 899 1747 933 intuitu
1762 896 1907 932 nonfuit
1922 908 2001 942 prae-

1118 944 1214 980 stitus
1228 969 1236 983 ‚
1250 947 1359 991 Niger
1374 949 1408 979 de
1422 945 1544 980 laudem
1570 957 1623 987 qu·
1639 956 1691 988 37.
1704 955 1818 989 nu.32.
1830 952 1905 979 tom.
1918 957 1949 978 2.
1962 955 2001 978 ac

1119 991 1153 1027 in
1168 997 1295 1038 puncto
1305 991 1500 1037 quindennis
1516 993 1722 1036 nont-on.loco
1734 991 2002 1034 citatofflerjiculo

1117 1042 1162 1076 Θ
1177 1038 1380 1082 confirmatur
1396 1064 1404 1077 ,
1426 1040 1610 1085 &profusum
1624 1043 1723 1074 citato
1738 1063 1746 1077 ‚
1772 1038 1930 1082 versiculo
1944 1038 2003 1080 res-

1116 1089 1232 1133 pondeo
1247 1089 1329 1121 enim
1343 1085 1443 1127 infine
1458 1112 1466 1125 ,
1487 1091 1518 1121 &
1532 1084 1709 1122 consensus
1722 1088 1888 1132 tanquam
1901 1084 2002 1120 stricti

1120 1133 1209 1179 Iuris
1226 1159 1235 1173 ,
1256 1145 1324 1169 non
1348 1134 1393 1168 cst
1408 1133 1622 1168 extcndibilis
1636 1133 1678 1168 de
1700 1131 1777 1169 casu
1794 1133 1837 1168 ad
1860 1132 1974 1168 casum
1989 1157 1999 1172 ‚

1119 1182 1206 1226 Ricc.
1218 1181 1454 1224 colleil.604.in
1462 1182 1627 1228 principio.
1641 1180 1841 1227 par.3.unde‘
1851 1180 2001 1226 receptio

1119 1230 1228 1268 unius,
1243 1232 1276 1262 &
1290 1228 1388 1273 primi
1401 1228 1562 1263 laudemii
1577 1229 1752 1263 occasione
1765 1226 1908 1273 sequutae
1925 1239 2002 1262 ven-

1116 1275 1260 1311 ditionis
1281 1276 1411 1321 operari
1438 1285 1505 1310 nou
1524 1275 1632 1321 potest
1653 1275 1741 1310 ultra
1765 1273 2000 1320 quindecim-2

1116 1333 1227 1358 annos
1240 1347 1253 1365 ,
1265 1326 1297 1358 δι
1311 1321 1354 1357 sic
1369 1322 1455 1358 ultra
1468 1321 1644 1358 successiva
1663 1323 1831 1358 landemia
1843 1321 1887 1356 de
1901 1321 2001 1365 quin-

1120 1370 1230 1404 decim
1250 1371 1285 1405 in
1296 1368 1495 1416 quindecim
1509 1379 1621 1405 annos
1637 1381 1693 1414 per
1704 1370 1807 1404 mansi
1828 1377 2001 1404 mortuam

1119 1417 1237 1452 debita
1257 1441 1266 1456 ‚
1291 1418 1333 1452 ne
1357 1416 1440 1453 alias
1457 1416 1628 1451 Dominus
1648 1416 1794 1452 directus
1814 1440 1825 1456 ,
1850 1415 2001 1460 privatus

1119 1474 1289 1499 remaneat
1303 1464 1336 1499 in
1356 1473 1555 1509 perpetuum
1569 1463 1747 1501 laudemiis
1768 1466 1890 1498 contra
1902 1473 2001 1507 gene-

1118 1513 1222 1547 ralem
1235 1509 1514 1547 consuetudinem
1528 1535 1538 1550 ‚
1563 1522 1636 1556 quae
1659 1513 1737 1546 loco
1749 1509 1998 1545 laudemiotum

1118 1558 1308 1594 introduxit
1320 1557 1530 1604 quindennia
1542 1560 1586 1592 ad
1597 1557 1837 1593 consuiendum
1852 1554 1996 1597 salutari,

1115 1617 1157 1641 ac
1170 1606 1316 1652 provido
1328 1606 1394 1641 hoc
1407 1604 1515 1639 modo
1528 1604 1742 1640 indemnitati
1759 1602 1901 1639 Domini
1916 1630 1925 1644 ,
1957 1614 1996 1639 ut

1116 1653 1267 1699 pluribus
1290 1653 1324 1688 in
1346 1651 1431 1688 locis
1451 1651 1632 1687 docuimus
1645 1677 1655 1692 ,
1677 1654 1711 1686 &
1737 1651 1906 1697 signanter
1929 1650 1997 1685 ine,

1115 1704 1192 1748 Cap.
1204 1707 1232 1736 I.
1246 1703 1289 1737 Θ
1303 1702 1349 1735 ΙΙ.

1165 1750 1279 1783 Immo
1295 1746 1389 1782 sicuti
1401 1758 1441 1782 ex
1455 1746 1700 1793 approbatione
1718 1746 1926 1782 venditionis
1940 1755 1997 1788 per

1116 1795 1378 1842 emphyteutam
1391 1791 1483 1830 faetae
1497 1796 1570 1829 tam
1584 1794 1618 1829 in
1633 1794 1802 1840 privatum
1816 1820 1826 1834 ‚
1840 1793 1944 1840 quam
1960 1792 1996 1826 in

1117 1853 1257 1878 manum
1269 1852 1442 1877 mortuam
1462 1852 1530 1876 nou
1545 1839 1695 1877 censetur
1707 1839 1871 1876 remissum
1884 1838 1998 1874 laude·

1115 1889 1224 1925 mium
1238 1915 1246 1930 ,
1260 1889 1354 1937 quod
1367 1900 1430 1935 pro
1445 1899 1510 1924 una
1523 1889 1593 1924 vice
1605 1889 1737 1923 tantum
1751 1888 1898 1926 debetur,
1916 1888 1965 1921 ita
1976 1886 1997 1921 a

1116 1934 1251 1972 fortiori
1266 1948 1334 1972 non
1350 1935 1534 1971 censebitur
1548 1932 1713 1970 remilium
1727 1933 1974 1980 quindennium
1987 1958 1997 1973 ‚

1115 1987 1212 2029 quod
1224 1983 1353 2020 iteratis
1375 1982 1503 2018 vicibus
1517 1981 1552 2016 in
1565 1992 1763 2027 perpetuum
1778 1982 1915 2016 debetur
1930 2004 1939 2019 ,
1961 1989 2000 2015 ut

1112 2031 1197 2066 bene
1209 2031 1357 2067 advertit
1370 2037 1494 2074 Roncon
1509 2030 1574 2064 loco
1584 2030 1638 2063 cit.
1653 2027 1808 2072 vesicula
1817 2028 1888 2062 hinc
1897 2035 1998 2073 patet,

1119 2079 1409 2126 ultraquamquod
1433 2076 1561 2112 etiamsi
1585 2076 1680 2111 aetus
1705 2075 1830 2121 duplici
1852 2076 2000 2120 respectu

1118 2125 1191 2161 fieri
1205 2124 1310 2172 posset
1325 2150 1336 2165 ‚
1360 2123 1549 2169 semperque
1572 2121 1819 2167 praesumeretur
1840 2119 1950 2157 faetus
1965 2122 2000 2156 in

1120 2173 1195 2209 casu
1210 2173 1320 2207 minus
1333 2168 1498 2206 da-uuoso
1510 2195 1519 2209 ,
1536 2173 1567 2204 &
1582 2167 1717 2204 facienti
1730 2169 1869 2207 utiliori,
1885 2167 1996 2215 qualis

1119 2222 1167 2256 est
1180 2231 1242 2267 pro
1266 2217 1405 2263 simplici
1425 2215 1580 2252 consensu
1604 2216 1650 2252 ad
1663 2216 1877 2252 alienandum
1891 2241 1900 2255 ,
1926 2227 1996 2250 non

1118 2279 1233 2303 autem
1245 2266 1348 2301 etiam
1361 2276 1423 2311 pro
1435 2263 1627 2300 remilfione
1637 2263 1997 2310 quindenniorum‚qui

1114 2314 1210 2351 casus
1230 2313 1274 2348 ob
1299 2320 1445 2348 tractum
1459 2311 1674 2347 succeffivum
1696 2310 1740 2345 est
1763 2309 1997 2357 perniciosissi-

1115 2372 1192 2397 mus
1202 2361 1363 2396 'Domino
1377 2359 1506 2395 directo
1516 2385 1527 2400 ‚
1549 2361 1658 2405 'Niger
1670 2359 1708 2393 de
1717 2358 1856 2393 laudem.
1870 2369 1926 2404 qu.
1939 2362 1996 2393 26.

1115 2421 1168 2444 nu.
1175 2420 1189 2452 3
1195 2421 1229 2452 9,
1243 2417 1355 2443 tom.1.
1368 2409 1458 2442 Hinc
1471 2407 1517 2442 est
1531 2432 1541 2447 ,
1560 2405 1657 2451 quod
1677 2402 1833 2440 successor
1847 2406 1881 2441 in
1894 2406 1998 2440 Bene-

1114 2456 1196 2491 ficio
1207 2481 1215 2495 ‚
1232 2454 1426 2500 recipiendo
1440 2454 1631 2498 pensionem
1646 2453 1665 2488 a
1679 2452 1891 2488 condustore
1903 2477 1912 2491 ‚
1926 2463 1998 2487 non

1114 2502 1316 2548 intelligitur
1338 2501 1512 2537 ratificafl‘e
1525 2499 1730 2537 locationem
1745 2511 1808 2545 pro
1819 2509 1898 2534 toto
1912 2508 1998 2534 tem-

1118 2561 1201 2595 pore
1211 2577 1220 2591 ,
1233 2548 1287 2585 sed
1298 2548 1515 2585 solummodo
1526 2559 1590 2595 pro
1601 2556 1754 2593 tempore
1766 2546 1934 2592 pensionis
1944 2544 1997 2591 so-

1118 2599 1353 2643 lutae‚ideoque
1364 2596 1491 2631 etiamsi
1501 2594 1629 2631 locatio
1643 2592 1720 2628 esset
1731 2605 1788 2639 per
1799 2594 1996 2633 triennium,

1118 2650 1152 2679 ὅ(
1166 2645 1326 2690 reciperet
1339 2643 1530 2689 pensionem
1541 2641 1642 2677 unius
1655 2639 1814 2676 semestris
1828 2640 1994 2688 praeteriti,

1119 2691 1313 2727 transaueto
1324 2689 1465 2726 semestri
1479 2715 1488 2729 ‚
1504 2689 1615 2736 potest
1628 2687 1872 2724 conductorem
1886 2690 1993 2733 expel-

1119 2740 1182 2774 lere
1195 2763 1205 2778 ,
1230 2745 1366 2781 Roncon.
1380 2739 1445 2773 loco
1467 2739 1520 2773 cit.
1535 2735 1690 2780 versiculo
1714 2738 1756 2772 Θ
1770 2735 1993 2776 confirmatur,
2048 2748 2051 2749 ’

1118 2786 1301 2833 caponloco
1314 2787 1403 2820 citat.
1415 2797 1468 2819 nu.
1474 2796 1528 2828 34.
1538 2786 1568 2819 in
1577 2785 1730 2830 principio
1740 2807 1750 2822 ,
1764 2783 1918 2826 versiculo
1932 2779 1992 2822 res-

1116 2836 1233 2880 pondeo
1247 2834 1326 2866 enim
1338 2830 1437 2878 primo
1453 2834 1485 2866 in
1491 2830 1556 2873 fine
1567 2856 1577 2866 .

1167 2882 1205 2914 In
1221 2879 1361 2913 nihilum
1375 2877 1574 2924 refragante,
1586 2877 1681 2923 quod
1695 2889 1753 2922 per
1765 2873 1988 2925 receptionem

1117 2925 1218 2973 primi
1237 2925 1394 2961 laudemii
1409 2927 1442 2961 in
1463 2927 1539 2961 actu
1552 2924 1756 2960 venditionis
1773 2926 1918 2956 censetur
1931 2932 1990 2965 ap-

1116 2973 1263 3019 probata
1283 2972 1355 3020 ipsa
1381 2972 1533 3008 venditio
1547 2970 1659 3007 favore
1683 2978 1798 3004 manus
1822 2977 1962 3002 mortuae
1980 2992 1990 3007 ,

1114 3022 1240 3067 illaque
1252 3019 1395 3065 proinde
1409 3019 1588 3055 habilitata
1598 3019 1641 3053 ad
1659 3015 1900 3066 acquirendam
1916 3040 1927 3054 ,
1950 3025 1992 3050 ac

1115 3067 1324 3103 retinendam
1338 3067 1582 3114 emphyteusim
1606 3063 1733 3097 sublato
1747 3061 1811 3096 hac
1835 3061 1887 3095 via
1898 3062 1993 3106 peni-

1116 3116 1171 3150 tus
1183 3114 1359 3151 obstaculo
1380 3110 1615 3159 incapacitatis
1635 3109 1805 3144 mediante
1827 3109 1991 3144 licentia-2

1115 3162 1260 3198 Domini
1273 3186 1283 3201 ‚
1305 3164 1432 3197 Amaci.
1442 3159 1461 3194 ci
1471 3162 1572 3192 ‘Ponte
1581 3160 1616 3191 de
1627 3157 1765 3191 laudem·
1776 3166 1890 3202 qu.15.
1903 3169 1955 3191 nu.
1965 3169 1977 3192 1
1985 3181 1995 3191 .

1115 3211 1258 3255 Burgius
1271 3211 1335 3244 eod.
1348 3210 1440 3243 trao‘t.
1448 3214 1520 3251 par.
1533 3217 1564 3238 2.
1577 3203 1702 3249 inspebi.
1719 3215 1751 3238 2.
1778 3215 1863 3238 num.
1869 3215 1922 3247 39.
1939 3215 1996 3249 per

1116 3256 1422 3291 rehabilitationem
1435 3261 1548 3286 autem
1570 3260 1692 3285 manus
1705 3258 1840 3284 mortua
1854 3252 1995 3286 evadere

1120 3302 1308 3344 videturlad
1322 3299 1420 3334 instar
1433 3295 1555 3343 privati
1570 3321 1581 3335 ,
1604 3297 1662 3343 qui
1675 3298 1719 3331 eli
1733 3307 1841 3342 capax
1857 3299 1997 3341 emphy-

1119 3350 1241 3388 tenus,
1269 3346 1414 3392 ideoque
1438 3355 1507 3379 non
1521 3343 1688 3380 videretur
1713 3343 1779 3380 hoc
1792 3341 1866 3379 casu
1891 3340 1994 3422 tegeri

1902 3399 1921 3423 a
