2295 3757
303 157 384 228 34

232 259 275 301 36
303 254 415 298 Magis
435 254 561 303 proprie
584 256 745 291 dicendum
758 255 1035 300 conservatorium
1050 263 1171 293 Puera-

349 312 422 335 rum
433 325 442 340 ,
458 299 554 348 qua'm
567 303 756 338 ‘Puellarum
771 327 780 336 .

237 359 277 392 37
303 352 430 390 'Nomen
442 358 545 397 praev-‚e
559 348 596 391 esi
609 351 768 387 Latinum,
780 350 881 385 minus
896 358 1011 389 tamen,
1023 351 1169 398 politum.

238 400 279 440 38
306 397 420 435 Puella
435 421 445 435 .
468 399 509 433 (³)-
522 396 647 441 puellus
657 397 802 432 denotant
812 409 920 433 nornen
936 399 1177 434 diminutivum

349 447 439 490 pueri
449 470 457 483 ,
473 447 516 480 er
528 454 627 488 puer-c
638 467 648 477 -

235 501 280 538 39
308 492 584 536 Conservatorium
606 502 664 523 non
674 489 776 532 solum
798 490 818 526 a*
833 492 1046 534 conservando
1061 518 1070 534 ,
1088 494 1143 540 sed
1156 494 1176 531 a¹

348 539 567 582 conserviendo
581 539 698 572 ‹iiitum
715 564 724 573 .

232 596 279 632 40
303 588 422 623 ‘Puellx
434 588 465 621 in
477 585 727 627 conservatoriis
736 586 919 629 societatem
935 612 945 628 ‚
974 591 1174 625 &unionem

348 635 504 683 quandam
513 632 648 673 servant
663 656 673 667 .

229 689 272 727 41
301 681 542 726 conservatoria
567 681 666 714 etiam
685 682 836 716 dicuntur
857 682 918 717 illae
940 685 1146 728 protectiones
1161 705 1172 721 ‚

346 739 482 776 quarum
498 729 615 773 vigore
636 728 827 772 deputantur
838 727 977 775 Judices
996 732 1027 765 in
1043 730 1170 772 Conser-

346 785 480 812 vatores
491 801 499 814 ,
509 774 582 816 idest
594 774 765 817 defensores
773 799 781 809 .

227 833 270 867 42
297 825 379 861 Hinc
401 824 497 859 littra
523 822 769 865 conservatoria!
778 846 788 862 ‚
816 824 854 858 de
878 821 996 872 quibus
1012 825 1168 861 Tridenti-

343 882 418 907 num
430 894 441 904 .

227 928 248 962 4
254 928 269 961 3
297 918 573 962 conservatoriurn
597 918 681 960 apud
691 918 923 967 Neapolitanos
947 920 1076 954 denotat
1099 932 1166 958 ma·

343 974 550 1002 nutentionem
563 988 572 997 .

222 1022 271 1059 44
294 1013 533 1056 conservatoria
557 1011 601 1047 hu
605 1009 741 1056 jusmodi
763 1014 796 1048 in
820 1020 926 1058 Regno
947 1015 1165 1059 practicantur

335 1061 434 1151 Fciam
454 1059 576 1108 quando
590 1059 701 1107 laycus
712 1059 872 1108 spoliatur
883 1059 903 1095 a
916 1062 1034 1097 Clerico
1055 1059 1164 1110 posses-

350 1119 416 1143 tone
430 1132 439 1142 .

224 1165 269 1200 45
298 1153 462 1197 consilium
471 1154 724 1199 'Neapolitanum
745 1156 917 1191 dumtaxat
939 1157 1080 1192 concedit
1101 1156 1161 1191 hu-

340 1199 396 1247 jus
392 1201 474 1235 modi
487 1200 728 1242 conservatoria
741 1213 812 1237 cum
825 1205 974 1238 citatione
990 1205 1134 1251 partium
1147 1228 1157 1238 .

222 1252 268 1293 46
294 1250 381 1295 Qid
394 1249 526 1283 Tuitiva
540 1249 571 1283 in
583 1248 744 1291 Lufitania
759 1274 768 1283 .

222 1307 268 1341 47
293 1296 483 1333 Declaratur
493 1295 859 1334 Sac.c0nci1.Trident.
874 1295 1002 1341 seff.25.
1011 1295 1054 1332 de
1067 1297 1156 1345 Reg.

337 1354 376 1378 ca
404 1354 450 1386 .5.

220 1393 265 1434 48
290 1393 307 1421 Ι
309 1403 327 1425 n
343 1355 595 1432 cogscrvatoriis
604 1390 691 1425 nulla
705 1391 894 1426 emittuntur
903 1400 986 1427 vota
998 1415 1008 1427 .

220 1450 267 1482 49
291 1442 363 1479 Nec
374 1437 431 1471 illa
440 1435 570 1479 subsunt
584 1436 813 1481 Jurisdifflon'
827 1440 989 1473 ordinarii
1001 1463 1011 1473 .

221 1496 263 1529 50
289 1485 530 1526 conservatoria
539 1483 615 1527 sunt
627 1483 715 1518 licita
727 1508 736 1519 .

217 1542 232 1574 ς
244 1543 259 1568 1
286 1531 526 1574 conservatoria
539 1538 620 1565 certo
630 1532 717 1564 modo
724 1530 860 1573 subsunt·
868 1534 1038 1569 ordinario
1048 1557 1057 1568 .

217 1589 260 1623 52
286 1578 427 1624 Neapoli
441 1576 519 1619 solet
531 1577 643 1612 Puella
667 1578 815 1613 collocari
833 1581 865 1614 in
887 1580 1132 1623 conservatorio
1143 1607 1154 1623 ‚

334 1633 368 1659 ut
376 1625 462 1659 illius
474 1624 628 1658 voluntas
639 1624 821 1667 exploretur
837 1628 879 1662 ad
893 1631 1131 1665 matrimonium
1142 1655 1152 1667 .

214 1683 254 1717 53
283 1670 472 1712 Monasieria
483 1671 523 1704 ad
535 1670 631 1704 talem
645 1669 785 1716 effectum
792 1671 818 1714 s
813 1682 870 1708 unt
881 1673 1031 1718 tutiffima
1043 1701 1052 1710 .

213 1731 259 1763 54
284 1718 522 1761 conservatoria
535 1719 630 1752 etiam
639 1720 755 1753 dantur
771 1728 825 1760 pro
839 1723 948 1766 nuptis
961 1723 1148 1770 aliquando.

208 1778 248 1808 55
278 1775 318 1804 1n
336 1763 426 1800 Urbe
438 1772 527 1799 extat
541 1771 660 1798 Domus
673 1767 757 1801 aina
770 1769 836 1801 mai
851 1769 1008 1806 maritate
1020 1796 1030 1806 .

212 1818 256 1856 56
280 1811 422 1857 'Neapoli
432 1819 521 1846 extat
526 1810 627 1855 finnle
642 1812 936 1853 Conservatorium.

208 1870 253 1906 57
278 1859 523 1903 conservatoria
533 1859 722 1893 Puellarum
733 1883 742 1897 ‚
763 1862 806 1895 er*
818 1868 939 1897 Domus
956 1863 1145 1902 oblatarum

324 1906 513 1952 acquirendo
537 1905 757 1952 emphyteusim
771 1916 915 1944 tenentur
935 1913 975 1947 ad
989 1914 1143 1954 quinden-

323 1964 378 1989 ma
390 1977 400 1986 .

209 2003 252 2046 58
278 2000 554 2084 corii-servatorium
574 2002 749 2051 participat
761 2005 797 2040 de
810 2006 1000 2050 Monasterio
1013 2009 1142 2044 Monia-

335 2057 400 2082 1um
413 2071 422 2081 .

208 2105 225 2139 ς
233 2107 253 2137 9
278 2094 411 2137 Ecclesia
423 2094 621 2141 auphyteuta
631 2104 757 2132 tenetur
767 2100 809 2133 ad
819 2103 1040 2146 quindennium
1054 2129 1064 2139 .

209 2147 255 2180 60
279 2143 548 2225 cor‘iiservatorium
566 2154 673 2189 cogere
682 2144 777 2193 potest
790 2150 939 2184 vicinum
950 2153 990 2186 ad
1002 2153 1142 2186 venden-

350 2199 402 2223 um
413 2213 421 2222 ο

207 2239 251 2275 61
279 2237 557 2292 conservatorinm
573 2240 693 2284 gaudet
705 2238 849 2286 beneficio
861 2242 1068 2284 restitutionis
1085 2249 1139 2282 iri,

326 2292 482 2327 integrum
492 2309 500 2317 .

207 2335 229 2368 6
235 2345 251 2367 2
278 2334 402 2364 Gaudet
414 2333 508 2365 etiam
522 2333 716 2368 immunitate
729 2335 936 2379 Ecclefiafiica
951 2354 969 2375 .·

206 2385 249 2424 63
278 2377 482 2420 Univcrfitas
493 2390 650 2426 nunquam
660 2384 794 2417 moritur
809 2408 818 2417 .

206 2432 254 2469 64
279 2437 316 2463 ln
325 2424 497 2470 parificatis
506 2429 643 2471 procedit
656 2430 762 2463 eadem
772 2431 885 2475 regula
899 2457 908 2467 .

207 2478 249 2516 65
279 2475 555 2515 conservatorinm
573 2476 618 2508 uti
626 2475 855 2520 corpusfictum
865 2492 925 2514 non
940 2481 1094 2530 delinquit
1107 2507 1117 2517 .

205 2525 251 2559 66
278 2521 396 2558 Oblata
409 2522 582 2557 emittentes
586 2522 741 2569 fimplicia
752 2533 843 2563 vota,
854 2525 1024 2574 judicanda
1039 2532 1078 2564 ad
1092 2532 1140 2565 in-

319 2569 386 2613 star
397 2568 531 2612 Ecclesia:
543 2593 551 2602 .

206 2619 253 2662 67
278 2618 364 2700 Ideim
374 2617 532 2698 dicgndum
542 2618 577 2652 de
590 2615 715 2655 obtatis
727 2618 972 2672 B-M.V.septem
987 2624 1139 2660 Dolorum

343 2677 358 2699 e
370 2669 416 2701 Vr
441 2676 455 2699 e
466 2688 474 2697 .

205 2713 251 2748 68
277 2710 342 2751 Istic
356 2710 574 2757 exemplariter
585 2715 713 2749 vivunt
723 2739 731 2748 .

205 2764 250 2802 69
277 2765 397 2794 Earum
409 2766 529 2793 Domus
539 2757 670 2802 abusive
679 2763 761 2799 dina
774 2764 1017 2808 Monaslerium.

203 2818 248 2851 70
274 2804 460 2840 oblatarum
472 2807 560 2849 origo
574 2807 781 2853 antiquiffima
793 2810 832 2845 ab
847 2812 988 2848 Hebraeis
1002 2838 1011 2850 ,

205 2864 246 2895 71
274 2854 336 2888 Ad
349 2863 441 2899 quem
453 2851 594 2898 effectum
605 2855 875 2892 adduciturlixod
895 2863 948 2900 38.
963 2864 995 2896 8,

206 2913 250 2944 72
278 2906 320 2934 Et
331 2900 494 2936 adducitur
507 2899 610 2933 Tirm.
627 2902 666 2934 ad
680 2903 797 2937 dictum
806 2900 905 2945 locum
917 2931 925 2941 .

205 2959 247 2991 73
278 2945 447 2981 Excubare
453 2948 544 2988 sonat
558 2947 695 2981 militare
704 2973 714 2982 .

204 3006 252 3038 74
277 2994 422 3029 Militare
437 2995 522 3040 apud
533 2991 680 3029 Hebraeos
693 2997 774 3030 idem
786 3000 868 3042 quod
880 3000 1053 3040 minislrare
1065 3029 1074 3038 .

204 3052 245 3088 75
277 3042 420 3123 Lep-litat,
434 3041 577 3091 angeli,
593 3043 667 3077 coeli
681 3066 692 3081 ,
716 3046 755 3080 Θ
775 3048 890 3089 sydera
904 3057 1065 3084 vocantur
1077 3054 1136 3086 mi-

333 3096 406 3122 ites.

202 3139 249 3180 76
274 3136 443 3179 Virginurn
455 3145 630 3171 conventus
651 3138 683 3173 in
695 3138 821 3183 Templo
835 3138 875 3178 est
888 3141 929 3174 ad
940 3140 1036 3182 instar
1050 3145 1134 3180 mili-

322 3186 453 3218 tantium
467 3186 497 3216 in
511 3183 618 3223 castris
631 3209 640 3218 .
876 3202 878 3204 ·

202 3240 249 3272 77
273 3232 370 3277 Qoa'
384 3229 584 3272 confirmatur
598 3244 639 3269 ex
651 3232 808 3270 Machab.
823 3247 854 3269 2.
867 3245 898 3277 3.
918 3247 975 3279 19.

206 3279 253 3320 78
280 3285 323 3315 Et
333 3289 372 3312 ex
386 3277 464 3311 Luc.
480 3288 509 3308 2.
520 3287 574 3317 37.

203 3335 250 3368 79
275 3325 381 3372 ⁸apud
396 3322 644 3359 Tabernaculum
651 3326 838 3368 serviebant
849 3330 996 3366 mulieres
1015 3339 1072 3378 per
1081 3336 1138 3369 vi-

321 3383 371 3406 ces
381 3396 391 3405 .

209 3420 253 3457 80
277 3416 445 3456 chaldaice
455 3428 532 3454 excu
539 3414 615 3461 bare
623 3418 763 3463 sumitur
770 3430 829 3470 pro
839 3435 929 3458 orare
940 3448 950 3459 .

746 142 1000 212 Joannis
1039 144 1247 229 Lopez
1280 145 1361 211 de
1395 150 1636 222 Leone,

1257 262 1298 296 81
1328 267 1364 296 Β.
1373 263 1474 308 Virgo
1485 262 1577 309 usque
1590 263 1630 298 ad
1643 262 1906 308 desponsationem
1914 267 1985 310 fuit
2001 280 2042 305 ex
2055 267 2180 306 oblatis
2190 296 2201 306 .
2262 272 2272 276 “

1257 309 1300 342 82
1326 309 1401 344 Heli
1411 311 1511 354 redar„
1527 312 1576 344 uit
1588 309 1670 351 filios
1683 309 1720 344 oh
1731 309 1936 347 concubitum
1950 326 2023 349 cum
2032 315 2174 352 oblatis.

1264 357 1305 399 83
1336 359 1442 447 Apud
1456 320 1605 393 Hebraeos
1615 367 1733 394 votum
1750 367 1904 406 perpetua
1914 363 2119 408 virginitatis
2129 366 2200 400 inu.

1391 413 1508 439 [tatum
1527 428 1536 437 .

1263 452 1309 495 84
1334 454 1393 486 Sed
1409 454 1449 486 ad
1463 460 1584 497 tempus
1593 452 1736 496 solebant
1749 452 1882 489 Hehraetc
1899 456 1982 492 illud
1988 455 2132 503 profiteri
2141 483 2152 496 .

1264 502 1303 539 85
1334 498 1458 544 Judith
1468 499 1713 541 fizttftittiotziarn
1723 504 1866 536 denotat.

1261 548 1304 580 86
1332 548 1453 581 Eadem
1459 545 1524 588 fuit
1535 558 1574 580 ex
1582 545 1707 584 oblatis
1718 548 1806 583 illius
1818 553 1967 595 tenuioris
1978 577 1988 587 .

1261 594 1304 633 37
1331 593 1474 627 Salomon
1489 594 1639 628 extruxit
1649 597 1820 640 nonaginta
1831 597 1932 633 cellas
1949 608 2004 645 pro
2018 597 2144 635 oblatis
2155 625 2165 636 .

1259 641 1302 675 88
1330 637 1450 675 Oblatae
1466 638 1559 678 nostri
1567 643 1714 686 temporis
1730 654 1787 676 non
1796 642 1937 689 praeslant
1951 654 2033 682 vota
2052 648 2084 681 in
2096 649 2197 682 mani·

1377 685 1419 721 hu
1423 700 1438 721 5
1450 687 1627 732 Superioris
1644 687 1789 724 habentis
1801 691 1980 738 potestatem
1993 705 2046 728 eas
2059 695 2199 741 Religio-

1370 737 1406 769 ni
1418 735 1604 770 devovendi
1613 758 1623 767 .

1255 784 1298 824 89
1325 784 1432 818 Menti
1436 794 1452 815 ο
1467 778 1655 816 oblatarum
1667 784 1777 817 Turris
1787 786 1989 830 Speculorum
1998 790 2035 823 de
2044 786 2129 825 Vrbe
2139 814 2148 824 .

1251 841 1298 873 90
1324 832 1473 877 ,Quarum
1496 835 1617 864 Domus
1641 830 1759 864 dicitur
1776 833 1872 867 etiam
1892 836 2064 882 Collegium
2083 837 2196 873 Turris

1369 881 1483 918 Novae
1498 876 1699 921 specula-nm
1709 900 1719 910 .

1251 937 1293 969 91
1323 927 1445 960 Mentio
1458 923 1598 968 Ecclesia
1613 924 1769 958 5.Mariae
1780 929 1892 968 'Nova
1907 929 1945 962 de
1955 927 2042 964 Vrbe
2056 951 2066 961 .

1250 985 1271 1019 9
1281 986 1298 1007 2
1326 977 1351 1009 T
1353 973 1418 1007 ales
1433 969 1552 1006 oblata
1565 995 1575 1011 ‚
1598 973 1715 1006 vocari
1726 972 1840 1021 poffent
1851 974 2038 1022 Commiffoe‚
2055 976 2111 1021 seu
2128 983 2193 1015 Do·
2254 1018 2258 1025 ,

1368 1029 1448 1055 nata
1458 1044 1466 1053 .

1247 1079 1269 1112 9
1275 1079 1290 1109 3
1325 1069 1398 1104 Viri
1408 1065 1517 1101 oblati
1525 1068 1672 1102 dicuntur
1683 1068 1883 1112 Semifratres
1896 1089 1906 1100 ·

1246 1126 1294 1158 94
1319 1116 1440 1149 Mentio
1450 1121 1571 1149 Domus
1582 1113 1735 1158 &Rufina
1748 1117 1784 1150 de
1795 1115 1881 1153 Vrbe
1894 1137 1905 1148 ·

1243 1173 1285 1206 95
1316 1161 1436 1197 Oblata
1448 1163 1480 1196 in
1492 1162 1683 1197 Lomhardia
1698 1165 1846 1199 dicuntur
1858 1164 2010 1207 Vrsolinae
2020 1190 2031 1199 .

1241 1214 1288 1254 96
1315 1210 1408 1245 Tales
1422 1217 1531 1243 extant
1544 1210 1686 1245 Venetiis
1699 1234 1709 1249 ,
1723 1213 1766 1246 ⁴&
1777 1213 1972 1249 Mediolani.

1239 1268 1287 1302 97
1314 1257 1436 1292 Mentio
1447 1254 1634 1292 oblatarum
1642 1259 1807 1293 Societatis
1818 1259 1904 1307 Jesu
1920 1258 2091 1303 castillioni
2105 1286 2116 1298 .

1239 1308 1286 1349 98
1312 1310 1355 1340 Et
1370 1306 1402 1339 in
1411 1303 1518 1338 Gallia
1532 1329 1540 1338 .

1238 1365 1286 1396 99
1312 1352 1434 1386 Mentio
1447 1351 1666 1394 Vrsolinarum
1678 1355 1714 1389 de
1725 1352 1812 1390 Vrbe
1823 1380 1833 1390 .

1222 1412 1234 1436 1
1243 1413 1287 1434 00
1313 1398 1434 1434 Oblata
1445 1409 1504 1433 non
1519 1397 1706 1444 obligantur
1719 1402 1759 1436 ad
1771 1402 1950 1445 clausuram
1959 1428 1968 1438 .

1217 1460 1280 1484 101
1309 1450 1326 1479 Ι
1328 1459 1346 1481 n
1359 1444 1468 1488 odiosis
1482 1445 1587 1482 verba
1601 1449 1780 1494 accipienda
1795 1458 1889 1495 prout
1896 1452 2010 1492 sonant
2022 1475 2033 1486 .
2244 1491 2247 1495 ,

1218 1507 1283 1531 102
1309 1492 1430 1530 Oblatae
1444 1493 1559 1539 eligere
1569 1493 1694 1542 possunt
1710 1496 1897 1544 Superioriff
1896 1509 1947 1533 am
1958 1505 2159 1545 perpetuam.
2193 1499 2198 1503 '

1217 1554 1280 1587 103
1310 1541 1472 1587 Recognos
1469 1554 1534 1576 cere
1554 1554 1613 1578 non
1628 1551 1773 1578 tenentur
1786 1544 1986 1589 Visitatorem
1997 1545 2162 1582 ordinarii
2170 1542 2198 1582 0v
2240 1542 2242 1545 ’

1216 1602 1285 1636 104
1308 1593 1372 1624 ‘Pia
1388 1590 1455 1624 loca
1467 1588 1507 1623 ab
1521 1591 1700 1626 Ordinariis
1714 1590 1875 1635 vifitanda
1888 1591 1982 1634 sunt.

1216 1649 1278 1682 105
1307 1643 1337 1674 V
1339 1637 1456 1682 isitatio
1471 1639 1627 1673 concernit
1636 1638 1759 1673 cultum
1774 1638 1898 1674 tantum
1911 1640 2065 1675 divinum
2075 1664 2085 1675 .

1213 1690 1280 1723 106
1303 1688 1343 1722 In
1365 1682 1616 1727 favorabilibus
1641 1686 1779 1732 collegia
1802 1684 1994 1722 oblatarum
2024 1685 2181 1723 habentur
2234 1707 2239 1713 ·
2285 1680 2287 1686 Α

1351 1734 1540 1781 quandoque
1550 1741 1606 1779 pro
1619 1733 1686 1768 loco
1700 1733 1844 1780 religioso
1859 1758 1869 1768 .

1209 1794 1223 1819 1
1231 1794 1276 1825 07
1302 1779 1353 1817 Ita*
1360 1781 1517 1824 servatur
1530 1787 1633 1824 Roma
1646 1783 1677 1815 in
1685 1779 1810 1816 oblatis
1824 1784 1936 1818 Turris
1947 1781 2152 1829 speculorum
2164 1804 2177 1816 .

1210 1833 1290 1869 1128-
1302 1834 1339 1864 In
1350 1827 1440 1863 bonis
1452 1839 1511 1862 non
1524 1828 1686 1865 dotalibus
1700 1827 1890 1866 oblatarum
1902 1841 1961 1864 non
1972 1828 2112 1871 succedit
2125 1837 2177 1863 ea-

1348 1887 1420 1911 rum
1428 1875 1602 1920 collegium
1618 1900 1628 1914 ,
1636 1876 1660 1918 s
1655 1879 1691 1912 ed
1701 1878 1868 1911 venientes
1878 1874 1918 1911 ab
1931 1874 2073 1918 intestato
2082 1899 2095 1909 .

1207 1936 1274 1967 109
1301 1923 1393 1957 Tales
1406 1921 1526 1957 Oblatae
1536 1925 1680 1967 gaudent
1695 1923 1885 1969 privilegiis
1896 1922 2094 1957 Monialium
2104 1945 2116 1956 0

1208 1983 1222 2006 1
1233 1983 1273 2004 10
1299 1968 1452 2015 Affertur
1465 1967 1596 2007 hisloi-ia
1609 1971 1788 2015 Ephigeniae
1801 1967 1923 2006 Oblatae
1934 1993 1944 2003 .

1206 2030 1221 2054 1
1232 2030 1244 2054 1
1255 2031 1269 2055 1
1298 2019 1338 2051 In
1352 2015 1541 2097 Affinaflerio
1555 2019 1660 2053 santra·
1670 2018 1824 2053 Bernardi
1835 2015 1933 2054 clarae
1945 2015 2052 2054 Vallis
2069 2015 2174 2064 plures

1343 2068 1368 2096 O
1405 2065 1452 2098 ati
1462 2087 1472 2098 .

1203 2125 1218 2148 1
1229 2124 1241 2146 1
1250 2124 1268 2147 2
1293 2113 1330 2145 In
1342 2109 1448 2143 Gallia
1459 2110 1556 2145 Miles
1567 2111 1719 2157 impotens
1730 2109 1862 2156 offertur
1871 2110 2030 2156 Religioni
2041 2134 2054 2145 .

1204 2171 1218 2194 1
1232 2171 1266 2202 13
1297 2157 1406 2192 oblati
1417 2158 1797 2204 recedendo‚recupe·rant
1806 2157 1887 2194 bona
1904 2159 2021 2193 donata
2032 2182 2041 2192 .

1205 2218 1218 2242 1
1230 2216 1271 2250 14
1297 2202 1408 2241 Libere
1419 2203 1467 2246 isli
1480 2206 1717 2240 matrimonium
1728 2207 1910 2242 contrahere
1918 2203 2040 2252 possunt
2048 2229 2060 2240 .

1204 2267 1218 2290 1
1230 2265 1264 2294 15
1297 2250 1447 2293 Berieficia
1461 2251 1649 2288 oblatorum
1661 2265 1719 2288 non
1731 2262 1853 2288 vacant
1863 2262 1917 2299 per
1931 2252 2120 2288 oblationem
2132 2277 2144 2290 .

1205 2314 1219 2336 1
1230 2304 1272 2337 16
1297 2298 1478 2335 Oblationes
1489 2301 1638 2335 dicuntur
1651 2301 1747 2340 dona,
1764 2311 1831 2347 qua
1841 2300 1925 2345 fiunt
1937 2298 2074 2342 Ecclesiae
2084 2323 2094 2334 .

1205 2361 1219 2384 1
1231 2359 1270 2391 17
1297 2349 1457 2382 Dicuntur
1473 2347 1537 2381 alio
1548 2349 1637 2383 modo
1651 2346 1852 2393 offerumenta
1864 2373 1873 2382 .

1205 2408 1218 2431 1
1229 2399 1269 2431 18
1296 2394 1532 2429 oblationarius
1546 2395 1647 2429 dinus
1661 2394 1876 2430 subdamini&
1889 2418 1898 2427 .

1204 2456 1218 2478 1
1230 2455 1269 2486 19
1297 2440 1479 2490 Oblationes
1488 2445 1584 2476 etiam
1593 2443 1743 2476 dicuntur
1753 2466 1764 2480 ,
1776 2441 1935 2490 quaeficcnt
1949 2439 1968 2477 a*
1979 2442 2142 2480 Sacerdote
2151 2467 2163 2480 .

1204 2503 1218 2526 1
1227 2503 1270 2526 20
1295 2490 1417 2524 Mentio
1430 2487 1619 2524 oblatorum
1632 2488 1828 2524 Mediolani.

1205 2550 1268 2572 121
1296 2537 1418 2572 Mentio
1431 2534 1683 2581 Diaconissarum
1697 2537 1874 2572 Mediolani
1883 2559 1893 2569 .

1205 2597 1269 2620 122
1296 2585 1388 2619 Sedes
1403 2581 1590 2628 Apollolica
1606 2585 1709 2618 omnia
1723 2584 1838 2629 optime*
1852 2582 1904 2626 dis
1899 2583 2014 2619 cernit.

1204 2643 1264 2676 123
1295 2630 1419 2712 Simili?
1434 2629 1553 2665 Oblata
1565 2632 1597 2667 in
1613 2631 1719 2666 Gallia
1733 2654 1744 2670 ‚
1770 2631 1877 2677 Belgio
1892 2654 1902 2670 ,
1915 2633 2105 2673 Germania,
2122 2646 2166 2678 aq

1339 2677 1385 2712 ali
1407 2679 1420 2712 i
1432 2702 1442 2713 .

1203 2739 1216 2762 1
1225 2737 1270 2770 24
1293 2727 1415 2760 Mentio
1427 2722 1663 2770 canonissarum
1673 2728 1844 2763 Germania
1857 2751 1867 2760 .

1202 2783 1215 2807 1
1226 2784 1264 2818 25
1296 2779 1421 2818 Laycus
1430 2771 1579 2818 poffidens
1586 2772 1784 2818 praebendam
1798 2800 1807 2815 ‚
1831 2786 1891 2810 non
1912 2774 2030 2809 dicitur
2040 2772 2156 2816 Benefi-
2214 2783 2217 2794 '¹

1339 2823 1443 2856 ciatus
1457 2844 1466 2854 .

1201 2881 1214 2905 1
1223 2873 1266 2904 26
1292 2867 1480 2903 oblatarum
1491 2869 1603 2902 modus
1615 2870 1759 2904 vivendi
1772 2867 1811 2912 eft
1821 2869 1976 2905 toleratus
1989 2892 1998 2903 .

1201 2927 1266 2957 127
1291 2917 1412 2949 Mentio
1428 2917 1663 2958 Beguinarum.

1201 2976 1214 2998 1
1223 2967 1266 2999 28
1293 2963 1439 3007 Beguinae
1447 2961 1564 3005 similes
1575 2962 1763 2999 mulieribus
1771 2964 1938 2999 Tertiariis
1951 2987 1961 2997 .

1199 3023 1213 3046 1
1222 3024 1265 3054 29
1290 3013 1370 3053 Non
1380 3009 1580 3054 intelligendo
1593 3012 1630 3045 de
1640 3013 1682 3047 iis
1696 3036 1705 3051 ‚
1719 3010 1948 3057 quaeseparatae
1959 3010 2091 3044 vivunt
2103 3034 2112 3044 .

1198 3070 1263 3103 130
1288 3060 1361 3100 'Nec
1373 3057 1409 3090 de
1422 3056 1508 3094 aliis,
1523 3067 1591 3103 quie
1607 3059 1692 3104 apud
1702 3056 1858 3101 Hispanos
1869 3064 2033 3090 vocantur
2045 3063 2159 3093 Beata-

1198 3117 1260 3149 131
1289 3108 1411 3140 Earum
1422 3105 1529 3138 modus
1543 3105 1686 3138 vivendi
1698 3104 1817 3137 dicitur
1832 3106 1980 3138 Beateria
1994 3127 2002 3137 .

1197 3164 1262 3194 132
1290 3151 1500 3185 Beatitudinis
1513 3150 1630 3184 titulus
1634 3149 1697 3192 Joli
1707 3148 1856 3190 Pontifici
1869 3147 2057 3185 tribuendus
2072 3176 2082 3185 .

1196 3211 1258 3244 133
1285 3196 1437 3238 ‘Pontifex
1451 3195 1470 3238 s
1466 3207 1481 3228 e
1493 3196 1636 3230 intitulat
1644 3195 1778 3237 servum
1781 3195 1805 3238 s
1800 3208 1952 3232 ervorum
1966 3199 2045 3233 Dei.

1198 3256 1266 3290 134
1289 3243 1411 3277 Mentio
1419 3241 1443 3284 s
1438 3240 1571 3288 uperbiae
1584 3243 1681 3288 Regis
1691 3243 1862 3285 Persarum
1876 3268 1885 3277 .

1198 3305 1213 3329 1
1221 3304 1236 3335 3
1246 3305 1260 3333 5
1290 3290 1487 3335 ,Quandoque
1500 3294 1569 3331 Rex
1581 3290 1698 3324 dicitur
1707 3289 1746 3324 ob
1757 3292 1930 3334 potentiam
1940 3298 2010 3334 Rex
2020 3298 2153 3338 Regum.

1198 3344 1264 3383 136
1289 3337 1416 3405 Titplus
1439 3337 1530 3370 Beati
1549 3336 1629 3380 solis
1654 3334 1694 3371 ab
1719 3337 1852 3381 Ecclesia
1880 3337 2068 3380 beatificatis
2094 3343 2153 3375 tr‘r-

1339 3391 1450 3416 ¹mitur
1460 3406 1469 3414 .

1202 3442 1266 3476 137
1294 3437 1393 3466 Beata
1407 3427 1509 3475 vulgo
1533 3430 1681 3467 dicuntur
1709 3429 1728 3465 a
1747 3433 1824 3466 vita
1842 3430 1934 3467 beata
1949 3456 1958 3470 ,
1984 3444 2081 3479 quam
2099 3435 2159 3470 du-

1338 3484 1412 3511 cunt
1425 3501 1434 3510 .
1947 3484 2010 3525 138
2037 3486 2111 3518 Vox
2237 3492 2246 3659 l

2190 3166 2236 3370 ’ἑ
