2295 3757
316 144 436 207 322

275 237 295 268 8
324 238 455 279 'l'i'mpus
469 236 502 268 in
516 234 728 282 compromisso
742 234 913 282 appositum
925 248 983 271 non
996 238 1097 271 currit
1111 260 1120 275 ,
1147 236 1201 280 nisi

365 280 384 314 a*
395 283 444 316 die
459 285 682 324 acceptationis
699 308 706 316 .

271 343 293 372 9
318 333 439 364 Annus
451 331 687 372 iitsordescciiti.c
694 332 727 364 in
739 332 1060 365 excommunicatione
1071 339 1195 377 compu-

366 384 455 410 tatur
469 375 487 410 a*
499 379 547 411 dit·
559 401 567 414 ,
585 388 646 423 quo
658 378 815 411 declarata
824 377 888 418 suit
903 402 911 409 .

254 433 296 456 10
323 424 487 458 milatus
501 436 559 457 non
569 426 741 458 attenditur
755 449 763 460 ,
779 424 832 465 sed
844 421 996 465 conclusio
1009 446 1019 456 .

252 481 264 504 1
277 481 289 504 ι
318 471 380 505 ,Ad
403 470 620 504 incurrendam
643 472 852 504 caducitatcm
875 472 906 504 in
926 468 1127 517 Emphyteufi
1136 476 1194 504 Ec-

365 516 529 558 clesi.ii'iic.t
540 518 712 562 requiritur
723 515 883 552 biennium
895 542 903 551 .

252 576 290 599 12
320 571 360 599 Et
372 565 539 596 triennium
554 565 584 597 in
594 563 711 601 laycali
724 589 732 596 .

251 623 263 645 ι
275 622 289 652 3
318 617 502 655 Utrumque
511 612 620 656 incipit
629 621 754 645 currere
767 609 786 644 a*
797 612 846 646 die
859 609 1054 650 investium-,c
1066 635 1074 644 .

250 668 292 701 14
315 662 437 692 Annus
447 659 477 689 in
492 659 673 692 venditione
684 682 692 695 ,
707 658 833 704 alioque
844 661 1004 694 contraitis
1017 655 1191 702 assignatus

361 705 402 737 ad
411 703 601 744 solvendum
612 706 757 750 praetium
770 729 779 744 ,
801 708 903 741 currit
913 704 932 739 α’
941 708 989 740 die
1006 707 1191 739 traditionis

354 750 446 791 s'undi
455 774 464 783 .

249 808 283 838 ις
313 804 445 842 'Tempus
453 797 600 838 solvendi
613 800 712 834 currit
726 797 746 833 a*
758 801 807 834 die
818 825 826 837 ‚
843 811 907 845 quo
921 799 1000 833 alter
1012 810 1052 834 cx
1063 808 1187 835 contra-

358 844 504 880 hentibus
516 846 741 892 adimpleverit
755 858 794 882 cx
804 856 892 892 parte
897 847 958 889 sua
971 871 981 880 .

246 895 285 926 16
312 897 445 938 Tempus
457 897 558 928 currit
569 892 588 927 a¹
601 895 650 928 die
661 895 841 928 traditionis
854 897 898 929 rei
911 918 920 927 .

245 950 256 973 1
268 949 284 980 7
311 942 494 978 Dominium
507 942 687 987 acquiritur
691 941 826 987 sequuta
836 942 1005 976 traditione
1015 942 1080 976 rei.

245 997 258 1020 1
267 987 286 1020 8
312 988 411 1034 Emplr
417 997 524 1031 ytcuta
539 987 713 1034 irrequisito
727 990 859 1023 Domino
871 989 1023 1026 alienans,
1034 1000 1068 1022 re
1078 996 1182 1024 tamen

357 1047 416 1070 non
427 1037 547 1070 tradita
557 1060 566 1073 ,
581 1047 640 1070 non
653 1037 762 1070 incidit
772 1037 803 1069 in
815 1032 1007 1081 commissum
1017 1060 1026 1068 .

241 1091 255 1116 x
263 1091 285 1123 9
310 1089 433 1120 Annus
454 1084 494 1116 ad
516 1085 682 1128 petendum
707 1085 944 1117 renovationem
961 1081 1160 1125 invcsiiturae
1169 1107 1180 1123 ,

355 1130 456 1166 currit
467 1128 485 1163 a*
497 1131 546 1164 die
556 1139 651 1176 capta·
660 1127 843 1176 posseffionis
854 1154 863 1164 .

238 1185 282 1209 20
308 1183 433 1213 ⁸Annus
443 1179 483 1211 ad
496 1179 712 1222 exequendum
723 1177 869 1211 ultimam
881 1176 1096 1215 voluntatem,
1113 1189 1184 1212 cur-

353 1227 396 1259 rit
407 1223 425 1258 a'
439 1226 486 1258 die
498 1225 590 1258 aditae
600 1224 791 1257 hareditatis
805 1248 814 1256 .

236 1280 253 1302 2
264 1279 277 1303 1
305 1273 430 1308 Hsrcdi
456 1270 574 1312 absenti
601 1273 697 1304 datur
720 1282 822 1304 annus
845 1272 886 1304 ad
898 1268 1118 1309 conficiendum
1131 1273 1179 1306 in-

350 1320 538 1353 ventarium
550 1343 555 1354 ,
568 1318 707 1362 prtcsenti
715 1316 793 1351 ‘vero‘
802 1317 955 1350 trimestre
968 1340 975 1348 .

235 1374 278 1398 22
303 1369 389 1401 Idem
402 1374 522 1411 tempus
537 1367 635 1399 currit
659 1363 678 1398 a¹
698 1365 747 1398 die
758 1372 854 1409 capta:
863 1359 1044 1408 posseffionis
1054 1363 1183 1399 haeredi-

350 1414 427 1447 tatis
442 1437 450 1449 ‚
463 1412 514 1453 seu
526 1411 619 1456 ipsius
634 1412 781 1445 aditionis
794 1434 802 1443 .

233 1468 251 1492 2
258 1467 274 1500 3
302 1463 436 1505 Tempus
444 1455 649 1505 prorniffionis
662 1459 744 1493 dotis
753 1458 856 1492 currit
864 1455 884 1489 d
894 1456 943 1490 die
953 1459 1106 1493 contraffii
1113 1470 1180 1494 rn-z·

348 1517 486 1541 trilliofh'l
498 1530 508 1539 .

234 1561 279 1594 ²4
302 1552 439 1594 Proviso
455 1554 489 1587 de
502 1551 689 1586 ‘Parochiali
704 1551 883 1585 conceditur
898 1562 1000 1585 annus
1014 1551 1095 1594 adse
1105 1562 1177 1599 pro-

348 1601 540 1634 movendum
552 1601 592 1632 ad
607 1600 752 1632 Ordinem
764 1596 1024 1644 Praesbyteralem
1035 1624 1043 1632 .

230 1655 269 1688 25
299 1648 375 1682 Tale
393 1656 515 1692 tempus
527 1647 637 1690 incipit
651 1656 776 1679 currere
789 1641 809 1678 a*
824 1645 874 1679 die
883 1643 1019 1691 pacifica
1029 1644 1178 1692 posseffio-

344 1697 393 1728 nis
403 1694 496 1738 ipfius
507 1691 650 1732 Beneficii
661 1693 772 1727 curati
782 1717 792 1726 .

227 1742 271 1773 26
296 1741 455 1782 Trimeslz--e
468 1740 642 1784 requiritur
663 1740 704 1774 ad
727 1741 957 1784 procurandam
969 1741 1172 1784 consecratio-

341 1799 408 1822 nem
419 1812 427 1825 ,
441 1786 460 1821 α’
472 1795 612 1831 promoto
623 1787 662 1820 ad
674 1786 892 1821 cathedralem
906 1812 916 1822 .

227 1843 270 1873 27
294 1837 309 1865 Ι
312 1836 378 1868 dem
391 1837 491 1869 currit
502 1832 522 1867 a¹
536 1835 583 1868 die
595 1835 885 1878 praconizationis.

224 1882 268 1915 28
295 1881 455 1922 Trimesi're
476 1891 531 1926 pro
549 1880 757 1926 consequendo
770 1881 877 1915 Pallio
891 1882 1000 1929 incipit
1011 1894 1168 1920 currerim>

339 1932 434 1964 etiam
447 1929 488 1963 ab
502 1927 610 1961 ultimo
624 1936 759 1972 tempore
770 1927 1008 1968 consecrationis
1020 1954 1030 1964 .

226 1985 269 2018 29
294 1981 415 2011 Annus
427 1976 604 2010 conceditur
617 1971 829 2009 obtinentibus
841 1977 1168 2021 Dignitates,Canoni-·

313 2045 316 2048 «
336 2032 427 2058 catus
440 2047 448 2062 ,
469 2020 659 2057 praebendas
673 2045 683 2059 ,
701 2029 760 2055 aut
782 2025 970 2058 Portiones,
994 2024 1074 2066 adse
1085 2029 1167 2063 ordi-

336 2071 474 2104 nandum
485 2071 516 2103 in
520 2068 622 2110 sacris
635 2092 644 2100 .

223 2126 267 2159 30
291 2118 375 2151 Idem
386 2119 484 2151 currit
499 2114 517 2150 ci
529 2112 702 2150 diehabitae
711 2113 894 2161 peffeffionis
906 2142 917 2152 .

225 2174 240 2204 3
250 2174 262 2196 1
292 2170 413 2198 Annus
423 2165 599 2198 conceditur
608 2170 661 2206 per
674 2163 825 2207 Regulam
838 2165 1038 2201 Cancellariae
1051 2191 1060 2205 ‚
1077 2168 1159 2210 adse

336 2212 485 2245 tuendum
494 2212 524 2243 in
531 2205 699 2255 poffeffione
714 2208 858 2251 Beneficii
868 2236 881 2246 .

224 2266 265 2298 32
291 2258 374 2291 Idem
385 2260 481 2291 currit
495 2255 513 2290 a*
524 2258 573 2290 die
585 2254 717 2300 pacifica
735 2254 919 2301 poJJeffionis
930 2283 940 2293 .

247 2314 262 2345 3
272 2314 287 2345 3
315 2303 457 2344 Scinesire
463 2301 583 2348 praefigi
591 2303 613 2344 s
609 2302 670 2336 olet
680 2301 700 2336 a*
714 2306 853 2338 Dataria
869 2306 997 2350 proviso
1009 2310 1051 2343 ad
1060 2311 1164 2345 dimit.

339 2352 462 2384 tendum
474 2355 545 2385 Beni
548 2348 658 2391 ficium
664 2358 721 2395 per
730 2351 820 2394 prius
833 2351 994 2388 obtentum
1007 2379 1016 2388 .

223 2405 267 2440 34
291 2398 447 2437 Provilus
459 2395 478 2429 a*
489 2396 650 2430 cardinali
663 2398 678 2426 I
681 2397 840 2433 ndultario
853 2401 889 2434 de
898 2403 1063 2442 reservato
1075 2415 1164 2439 exce-

334 2445 422 2477 dente
434 2454 485 2485 24.
502 2449 643 2477 Ducatos
655 2468 663 2483 ,
675 2451 798 2478 tenetur
812 2470 820 2482 ,
833 2445 860 2490 fi
872 2446 910 2485 esi
926 2447 1008 2482 citra*
1021 2459 1140 2486 montes
1149 2476 1161 2492 ,

335 2491 419 2524 intra
431 2501 463 2532 4.
474 2492 586 2530 menses
596 2513 605 2526 ,
614 2489 641 2533 fi
652 2488 738 2524 ultra*
750 2514 760 2529 ‚
771 2490 856 2526 intra*
869 2495 900 2528 8.
914 2506 1036 2530 novam
1044 2500 1162 2543 provi-

326 2536 441 2580 sionem
452 2533 471 2570 α’
485 2538 557 2570 Sede
569 2536 758 2582 ,Apostolica
769 2541 914 2584 expedire
926 2565 935 2573 .

222 2594 260 2626 35
290 2582 428 2623 Seme-lire
441 2584 615 2618 conceditur
630 2585 662 2616 in
674 2583 834 2620 navibus
844 2587 881 2620 de
892 2589 1039 2634 capienda
1048 2588 1158 2636 posses-

329 2631 407 2672 sione
421 2632 540 2662 nomine
553 2634 686 2664 Camerae
699 2654 708 2664 .

220 2682 262 2719 36
287 2679 370 2712 Idem
386 2677 485 2709 currit
496 2674 513 2708 a*
526 2678 573 2709 elie
587 2686 683 2720 capta
693 2674 876 2722 poffeffionis
888 2698 897 2708 ·

216 2735 260 2767 37
284 2723 516 2768 Pariterquein
531 2724 629 2756 B··evi
643 2746 651 2760 ‚
675 2726 707 2758 in
731 2736 790 2768 quo
802 2731 963 2768 cavetur,
987 2739 1020 2765 ut
1029 2729 1091 2772 fiat
1102 2743 1157 2766 ex-

327 2768 434 2815 preffio
443 2767 524 2810 infra*
530 2768 551 2809 s
549 2780 586 2802 ex
597 2769 711 2810 menses
720 2769 740 2804 a*
749 2774 798 2806 die
806 2776 899 2813 data,
915 2776 985 2811 cu‘m
995 2779 1096 2813 intelli
1100 2790 1158 2814 aa-

329 2826 383 2852 tur
395 2815 415 2850 a=
424 2818 472 2851 die
480 2814 594 2848 habita
606 2814 783 2859 poffeffionis
794 2844 802 2852 .
1095 2807 1116 2824 ὁ

216 2868 256 2906 38
282 2869 369 2899 Onus
374 2864 521 2906 solvendi
531 2861 763 2898 charitativum
775 2888 783 2903 ‚
797 2869 906 2913 incipit
917 2867 936 2902 a*
947 2871 996 2905 die
1006 2869 1155 2918 poffeffio-

329 2914 378 2945 nis
391 2908 533 2950 Beneficii
548 2934 557 2942 .
1043 2908 1052 2916 ‘

216 2969 258 3002 39
287 2958 420 3004 officiali
440 2957 646 2993 emolumenta
667 2967 797 2993 currunt
812 2959 832 2994 a*
844 2962 892 2995 die
903 2972 1001 3010 captae
1008 2964 1157 3012 poffeffio-

327 3007 375 3040 nis
386 3004 485 3049 Officii
500 3027 510 3037 .

211 3061 260 3093 40
283 3058 405 3088 Annus
415 3049 578 3093 Pontificis
600 3051 632 3085 in
647 3052 783 3087 Dataria
796 3055 909 3099 incipit
922 3053 941 3090 a*
955 3058 1004 3091 die
1019 3063 1155 3096 Corona·

328 3108 421 3133 tionis
436 3124 446 3133 .

210 3154 252 3187 41
280 3146 314 3181 Si
323 3148 484 3190 contingat
504 3147 643 3191 expediri
668 3145 777 3181 literas
790 3147 996 3193 apostolicas
1013 3152 1151 3188 anteco-

322 3194 512 3226 ronationem
524 3217 532 3231 ‚
553 3191 612 3234 sub
631 3205 742 3227 earum
751 3193 878 3239 plumbo
891 3197 1021 3242 appenso
1026 3199 1128 3242 facies
1140 3225 1151 3239 ‚

324 3239 356 3271 in
370 3248 432 3291 quo
444 3242 613 3274 cudendum
637 3249 703 3274 erat
719 3252 826 3276 nomen
838 3243 1006 3285 ‘Pontificis
1020 3271 1030 3285 ‚
1051 3247 1149 3282 relin-

323 3292 432 3330 quitur
441 3296 549 3320 vacua
561 3311 569 3320 .

204 3341 250 3374 42
277 3331 413 3419 Frsffliis'
437 3332 554 3366 dotales
579 3332 724 3368 debentur
742 3337 858 3373 marito
870 3337 891 3372 a*
904 3340 953 3374 die
965 3341 1148 3376 traditionis

336 3387 376 3411 un
398 3388 430 3410 ι.

888 124 1143 191 Ioannis
1167 126 1377 207 Lopez
1409 128 1488 192 de
1506 133 1710 194 Leone
1728 173 1744 199 2

1284 247 1327 282 43
1357 244 1471 277 Contra
1494 244 1739 289 Emphytcutam
1765 252 1823 276 uon
1838 243 1937 275 currit
1958 244 2230 286 tempussolvcndi

1399 302 1545 324 canonem
1556 314 1564 327 ‚
1580 293 1672 324 donec
1689 290 1793 334 capiat
1805 285 2006 334 poffeffioncm
2020 314 2028 322 .

1281 343 1329 376 44
1352 338 1487 381 Tempus
1507 336 1684 377 conficiendi
1705 338 1922 370 inventarium
1946 338 2048 370 currit
2071 337 2182 373 luci-edi
2208 339 2227 373 a*

1396 383 1630 429 ‹liepoflcffionis
1647 384 1836 417 hxrcditatis
1852 408 1860 415 .

1278 438 1319 471 45
1347 434 1469 464 Annus
1486 436 1581 465 datus
1601 431 1733 476 emptori
1755 431 1794 463 ad
1807 427 2009 475 praestandam
2018 428 2226 471 fidelitatem)

1397 480 1529 512 Domino
1542 502 1551 516 ‚
1565 481 1666 511 currit
1680 477 1699 511 a*
1710 479 1758 511 die
1770 478 1886 522 adeptae
1898 474 1968 521 poss
1964 474 2079 519 cffionis
2089 503 2098 512 .

1277 525 1321 562 46
1347 525 1510 557 Terminus
1525 526 1633 571 incipit
1648 537 1771 559 currere
1779 524 1842 570 posi
1854 526 1959 558 atium
1975 547 1984 555 ·

1275 579 1321 610 47
1348 571 1558 614 emphyteuta
1571 572 1644 606 arici>
1658 574 1856 606 traditionem
1862 571 1958 613 fundi
1968 582 2027 604 non
2045 570 2083 612 esl
2094 573 2125 606 in
2141 573 2223 608 dolo.

1274 617 1319 657 43
1348 617 1556 662 melryteuta
1570 619 1709 652 alic-nans
1723 617 1836 664 absque
1851 618 1993 658 consensu
2010 620 2148 667 meini,
2163 631 2223 654 non

1390 671 1493 698 tamen
1507 667 1630 700 tradens
1639 667 1786 708 fundum,
1799 668 1832 699 in
1847 665 1944 699 nihilo
1958 666 2145 709 praejudicat
2158 673 2223 702 Do-

1391 719 1474 745 mino
1486 735 1496 744 .

1272 765 1317 797 49
1344 759 1478 803 Tempus
1504 761 1705 804 computandi
1728 762 1855 794 initium
1881 760 2063 804 quindennii
2086 771 2145 794 non
2166 769 2225 802 po-

1387 804 1440 846 test
1454 829 1461 841 ,
1476 817 1529 839 nec
1542 804 1629 839 debet
1642 805 1698 851 effe
1709 807 1798 842 aliud
1812 832 1822 846 ,
1836 808 1891 851 nisi
1899 807 1990 853 prius
2004 809 2037 841 in
2050 805 2107 852 effe
2121 809 2218 841 dedu-

1388 855 1435 887 tto
1450 852 1511 898 ipso
1527 851 1633 897 effec‘lu
1646 877 1652 885 .

1270 907 1312 939 50
1337 902 1472 944 Tempus
1483 899 1655 942 appositum
1665 897 1685 933 a*
1695 898 1837 941 teslatore
1847 912 1906 935 non
1919 902 2021 936 currit
2031 924 2041 940 ‚
2056 900 2112 945 nisi
2124 902 2217 947 prius

1384 947 1512 981 deducto
1527 947 1590 992 ipso
1601 945 1709 992 effebtu
1723 971 1732 980 .

1268 1002 1306 1036 51
1336 994 1589 1038 InPortugallia
1611 995 1855 1040 quadritnnium
1874 993 2043 1040 concessum
2055 995 2216 1031 adversus

1382 1042 1509 1075 tertium
1533 1042 1573 1075 ad
1595 1040 1825 1082 rescindendum
1848 1044 2066 1076 venditionem
2081 1051 2184 1077 currit
2197 1040 2217 1076 d

1383 1089 1431 1122 die
1444 1089 1555 1122 decimi
1567 1090 1671 1132 quinti
1684 1090 1757 1122 anni
1769 1090 1875 1132 primae
1888 1090 2083 1123 venditionis
2097 1113 2108 1123 .

1269 1143 1311 1176 52
1336 1133 1457 1170 Ibidem
1470 1138 1550 1170 aelio
1563 1135 1787 1183 hypothecaria
1810 1137 1927 1169 durans
1942 1144 1997 1180 per
2011 1137 2190 1170 decennium
2207 1160 2218 1176 ,

1383 1184 1491 1226 incipit
1506 1181 1654 1217 currerea'
1664 1184 1714 1216 die
1722 1181 1820 1224 finitae
1836 1183 1999 1226 primaevae
2012 1205 2021 1220 ,
2050 1195 2087 1216 ac
2098 1184 2219 1227 princi-

1381 1229 1464 1274 palis
1475 1231 1607 1264 attionis
1620 1254 1629 1262 .

1267 1285 1306 1317 53
1336 1277 1549 1324 „Quacumque
1561 1277 1612 1317 dis
1606 1275 1714 1323 positio
1729 1277 1903 1322 regulanda
1914 1274 1954 1317 esi
1966 1273 1987 1309 a*
1997 1275 2058 1318 sua
2072 1277 2167 1319 causa
2181 1301 2191 1311 .

1266 1331 1310 1362 54
1335 1328 1467 1367 Tempus
1483 1325 1666 1370 quindennii
1678 1327 1787 1370 incipit
1803 1334 1929 1358 currere
1941 1322 2088 1358 exiliente
2099 1324 2212 1366 causa.

1266 1378 1304 1410 55
1335 1373 1468 1413 Tempus
1493 1373 1533 1405 ad
1554 1369 1781 1416 publicandum
1806 1370 2044 1415 refignationem
2069 1369 2215 1412 Beneficii

1382 1418 1438 1451 nim
1452 1420 1564 1456 currit,
1576 1417 1603 1462 li
1617 1421 1774 1454 Datarius
1789 1420 1922 1452 retineat
1930 1417 2191 1462 supplicationem
2203 1440 2215 1456 ‚

1266 1464 1310 1501 56
1336 1462 1430 1497 Nihil
1441 1463 1586 1499 transeat
1599 1468 1711 1511 apponi
1721 1466 1854 1508 solitum
1878 1466 1910 1498 in
1935 1466 2073 1500 Dataria
2085 1487 2095 1502 ‚
2114 1463 2216 1508 facile

1379 1521 1564 1546 removetur
1577 1537 1585 1550 ,
1611 1514 1735 1547 citando
1764 1521 1869 1547 coram
1891 1512 2026 1546 Datario
2040 1514 2081 1545 ad
2097 1513 2213 1547 viden-

1378 1559 1451 1592 dum
1465 1559 1545 1592 illud
1557 1560 1693 1593 lacerari
1705 1583 1714 1592 .

1260 1614 1302 1646 57
1330 1607 1406 1646 Non
1418 1608 1518 1640 currit
1527 1615 1651 1650 tempus
1663 1607 1704 1640 ad
1714 1603 1937 1651 publicandum
1948 1605 2189 1651 resignationem
2199 1629 2210 1645 ‚

1367 1651 1394 1695 si
1406 1652 1502 1688 litera
1524 1655 1720 1688 retineantur
1731 1654 1764 1687 in
1780 1652 1908 1697 Confilio
1923 1655 2022 1699 Regio
2037 1651 2102 1694 His
2096 1655 2210 1699 pania-

1371 1711 1444 1733 rum
1458 1721 1467 1730 .

1255 1757 1271 1789 5
1281 1748 1299 1781 8
1326 1751 1428 1781 Canon
1443 1746 1548 1781 deberi
1560 1748 1669 1792 incipit
1681 1743 1701 1779 a*
1711 1748 1760 1781 die
1773 1742 1968 1788 conccffionis
1977 1770 1986 1780 .

1257 1804 1271 1835 5
1278 1805 1300 1837 9
1326 1798 1461 1839 Tempus
1473 1797 1513 1829 ad
1524 1794 1744 1828 retrahendum
1754 1796 1856 1828 currit
1867 1791 1887 1827 α’
1900 1795 1949 1828 die
1961 1794 2144 1829 traditionis
2158 1794 2206 1828 rei

1371 1841 1560 1876 retrahenda
1570 1866 1579 1874 .

1252 1890 1299 1922 60
1322 1890 1591 1934 Pra’paratorinm
1605 1885 1811 1931 iudicandum
1825 1896 1863 1922 ut
1873 1895 2087 1933 praeparatum
2101 1913 2112 1921 .

1252 1938 1294 1969 61
1322 1936 1430 1970 Etiam
1440 1937 1473 1970 in
1486 1934 1681 1970 investitura
1706 1933 1840 1970 habente
1855 1934 2031 1976 clausulam
2048 1933 2208 1974 constituti

1370 1984 1595 2028 qnindcnnium
1620 1983 1732 2029 incipit
1758 1994 1882 2017 currere
1903 1980 1922 2016 a*
1943 1983 1992 2016 die
2025 1983 2209 2018 traditionis

1359 2030 1458 2072 fundi
1472 2055 1482 2064 .

1247 2079 1293 2112 62
1319 2077 1406 2110 Idem
1420 2075 1574 2122 judicium
1592 2075 1630 2119 esi
1645 2079 1682 2112 de
1695 2075 1840 2118 existe-nte
1867 2077 1898 2110 in
1921 2076 1984 2110 via
2011 2077 2053 2112 ad
2074 2076 2181 2111 allum
2194 2099 2206 2115 ,

1366 2125 1452 2169 quod
1467 2126 1503 2158 de
1518 2123 1665 2165 exiliente
1675 2125 1706 2157 in
1719 2126 1792 2158 actu
1807 2147 1817 2156 .

1248 2175 1290 2214 63
1319 2170 1558 2214 Quindennium
1581 2181 1707 2205 currere
1725 2171 1837 2214 incipit
1848 2166 1868 2202 d
1881 2170 1930 2203 die
1954 2170 2062 2214 rogati
2084 2168 2207 2212 Instru-

1362 2225 1456 2251 menta
1471 2240 1481 2250 .

1245 2268 1292 2309 64
1316 2270 1476 2299 Damnum
1487 2274 1528 2297 ex
1532 2263 1556 2306 s
1552 2275 1632 2299 ervo
1643 2263 1818 2299 vulnerato
1830 2264 1941 2309 incipit
1953 2273 2078 2298 currere
2088 2265 2205 2300 Domi-

1367 2323 1404 2345 no
1411 2310 1522 2350 statim
1535 2308 1554 2343 a*
1567 2308 1736 2355 dieinflieti
1747 2311 1896 2345 vulneris
1906 2335 1916 2343 .
2065 2333 2067 2335 r

1248 2362 1290 2400 65
1321 2358 1483 2392 Salarium
1498 2355 1650 2401 Officialis
1663 2359 1764 2393 currit
1775 2357 1794 2392 a*
1807 2359 1856 2392 die
1870 2358 2030 2393 elefflionis
2048 2381 2058 2391 .

1246 2409 1294 2441 66
1320 2411 1428 2440 Datur
1441 2416 1543 2439 annus
1558 2405 1598 2439 ad
1607 2403 1825 2440 celebrandum
1838 2406 1994 2450 synodum
2006 2403 2200 2448 Dioecesami.

1243 2456 1289 2493 67
1314 2453 1402 2487 Idem
1414 2453 1514 2485 currit
1526 2450 1545 2484 a*
1558 2453 1607 2486 die
1614 2453 1812 2498 prandentis
1824 2453 1940 2496 Synodi
1952 2475 1962 2484 .

1243 2501 1288 2534 68
1313 2497 1447 2534 Gabella
1461 2496 1565 2532 deberi
1573 2500 1683 2543 incipit
1690 2498 1797 2539 [latim
1807 2500 1842 2533 de
1853 2508 1989 2543 tempore
2000 2500 2195 2533 contractus.

1239 2549 1286 2590 69
1313 2547 1498 2581 contractus
1510 2545 1582 2579 ante
1591 2543 1794 2590 posseffionem
1802 2558 1860 2579 non
1871 2546 2012 2590 acquirit
2019 2545 2193 2593 perfec'lam

1353 2593 1376 2634 s
1372 2594 1407 2626 ui
1418 2590 1576 2637 essentiam
1586 2618 1594 2631 ‚
1605 2594 1637 2626 in
1650 2592 1851 2638 Empbyteufi
1865 2617 1873 2625 .

1239 2650 1285 2682 70
1310 2646 1379 2675 Hoc
1393 2638 1433 2680 esi
1442 2639 1575 2683 speciale
1589 2641 1629 2674 ad
1647 2641 1837 2674 evitandam
1851 2640 2063 2673 caducitatem
2080 2636 2119 2673 ob
2132 2650 2193 2674 non

1351 2686 1493 2728 solutum
1505 2697 1653 2720 canonem
1668 2711 1678 2719 .

1238 2744 1260 2776 7
1268 2745 1282 2769 1
1310 2738 1445 2778 Tempus
1457 2732 1635 2768 retrahendi
1644 2744 1769 2769 currere
1779 2731 1799 2767 a*
1811 2734 1860 2769 die
1871 2733 2068 2767 venditionis
2083 2739 2190 2767 tenent

1356 2789 1458 2824 aliqui
1474 2805 1483 2813 .

1238 2838 1282 2868 72
1308 2827 1530 2873 AEquiparatio
1539 2828 1576 2862 de
1584 2826 1769 2868 existentem
1781 2829 1867 2865 affin,
1878 2824 1917 2860 cd
1931 2825 1992 2859 via
2005 2825 2046 2858 ad
2055 2827 2163 2861 atium
2176 2850 2190 2865 ,

1357 2876 1491 2908 continet
1502 2877 1667 2908 materiam
1677 2872 1892 2908 brocardi-'cam
1903 2895 1914 2906 .

1237 2934 1279 2967 73
1309 2920 1503 2962 Desiinatum
1517 2933 1576 2955 non
1585 2919 1719 2956 habetur
1731 2930 1787 2967 pro
1794 2921 1900 2964 sabio,
1914 2918 2129 2963 quandofabli
2145 2919 2192 2962 es*—

1347 2967 1449 3009 sentia
1463 2969 1607 3012 exigitur
1618 2992 1628 3000 .

1234 3027 1284 3058 74
1308 3015 1432 3060 Regula
1444 3015 1693 3048 retrotraezionis
1701 3025 1759 3048 non
1768 3011 1862 3048 habet
1871 3011 1974 3046 locum
1984 3013 2016 3046 in
2029 3017 2182 3059 casu,quo

1353 3062 1460 3106 agitur
1473 3062 1509 3096 de
1520 3059 1700 3107 praejudicio
1716 3060 1804 3094 tertii
1818 3083 1827 3091 .

1233 3121 1275 3154 75
1302 3111 1438 3154 Tempus
1447 3109 1581 3142 aetionis
1592 3108 1672 3152 legis
1685 3105 1831 3150 Aquilia
1853 3106 1903 3140 uti
1913 3106 1946 3140 tn
1960 3114 2081 3152 poenam
2094 3105 2175 3141 vul-

1352 3156 1490 3190 nerantis
1504 3161 1701 3199 computatur
1708 3151 1813 3194 statim
1827 3164 1868 3186 ex
1882 3155 1930 3187 die
1944 3154 2093 3188 vulneris
2107 3177 2117 3187 .

1235 3207 1281 3246 76
1305 3203 1442 3249 Qando
1455 3201 1507 3235 lex
1518 3200 1650 3245 disponit
1661 3200 1699 3232 de
1707 3207 1843 3244 tempore
1857 3201 1991 3244 respectu
2008 3202 2099 3235 attus
2113 3223 2122 3238 ,
2135 3200 2184 3233 in-

1348 3250 1426 3293 cipit
1435 3254 1558 3290 tempus
1568 3257 1691 3279 currere
1701 3244 1810 3287 statim
1822 3244 1841 3280 a*
1853 3248 1901 3280 die
1914 3247 2005 3281 illius
2019 3249 2110 3281 attus
2123 3270 2131 3279 .

1229 3309 1275 3341 77
1299 3294 1449 3339 officialis
1463 3291 1684 3332 babensl'olam
1695 3293 1881 3337 dignitatem
1894 3317 1904 3332 ,
1923 3293 2012 3328 illam
2025 3303 2083 3328 non
2096 3303 2167 3326 con-

1339 3341 1484 3385 sequitur
1501 3362 1510 3376 ‚
1525 3337 1581 3381 nisi
1589 3348 1644 3383 per
1660 3339 1957 3381 administrationem
1970 3365 1979 3374 .

1228 3394 1273 3429 78
1298 3392 1340 3422 A
1350 3389 1399 3421 die
1409 3384 1566 3422 electionis
1592 3387 1773 3433 acquiritur
1786 3385 1839 3432 ius
1852 3387 1946 3423 eleeto
1959 3388 2000 3422 ad
2011 3382 2174 3430 effet‘lunu

2053 3439 2123 3466 tan-
