2295 3757
302 164 385 227 92ae

314 324 1105 375 ARGUMENTUM.

311 447 363 483 Ex
387 444 605 493 Emphyteufi
634 442 750 478 manui
775 451 920 479 mortuae
944 443 1095 480 concessa
1114 455 1194 480 cum

354 495 458 538 ρειᾶο
487 490 786 532 ocaffraz1ca=1d0,
812 501 882 527 non
909 490 1074 529 debentur
1097 492 1196 538 quin-

350 540 475 579 dennis
490 565 499 574 .

438 634 954 672 SUMMARIUM.

253 744 268 769 1
297 732 464 770 Vocabula
474 729 661 777 affrancatio
671 755 681 770 ,
704 729 881 776 affrancare
890 753 900 770 ,
923 730 1084 775 francatio
1099 754 1110 770 ,
1138 733 1183 768 &-

338 781 490 825 s'rancare
497 779 572 822 sunt
583 777 721 814 barbara
735 802 746 811 .

250 838 268 862 2
296 834 375 863 Sunt
385 826 550 863 vocabula
562 826 843 871 'Pragnmticorum
856 849 866 858 .

250 884 266 918 3
296 878 365 922 Qi
379 877 483 920 magis
497 883 610 908 curant
620 876 656 907 de
670 874 795 917 energia
810 881 932 906 vocum
945 895 955 906 .

245 932 268 964 4
296 924 467 967 Realizarc
478 922 517 964 csl
527 921 684 965 insinuare
697 919 899 962 inslrumenta
913 942 924 953 .

248 979 265 1010 5
294 971 499 1005 Franchitare
511 978 567 1015 pro
578 969 724 1011 francarc
736 992 745 1001 .

242 1019 267 1050 6
295 1016 539 1062 Afflunchfmre
551 1025 608 1063 pro
623 1013 802 1062 affrancare
815 1039 825 1049 .

241 1072 264 1106 7
291 1063 604 1110 Affranchimentum
614 1071 672 1109 pro
682 1060 907 1108 affrancatione
917 1084 928 1095 .

243 1111 264 1146 8
290 1111 500 1158 Affrancatio
509 1113 590 1146 idem
604 1109 662 1154 est,
687 1108 901 1148 exuberatio,
926 1110 971 1145 τῇ*
985 1108 1177 1156 manumiffio

332 1170 378 1194 rei
394 1184 404 1194 .

243 1215 266 1247 9
293 1209 435 1252 sequuta
451 1205 678 1253 affrancatione
687 1231 695 1245 ‚
705 1206 829 1250 fundus
842 1202 922 1240 liber
931 1203 951 1238 a*
961 1203 1135 1241 canonibus
1143 1230 1155 1241 .

220 1263 263 1286 10
289 1252 529 1300 affrancatura
545 1255 663 1288 dicitur
677 1256 713 1289 de
726 1251 864 1300 Epistola
869 1252 990 1296 franca
1001 1276 1010 1286 .

217 1310 256 1333 11
287 1302 471 1339 Franchitia
485 1301 524 1342 esi
533 1298 669 1348 gabellae
693 1301 848 1344 exemptio
859 1324 870 1333 .

216 1357 231 1380 1
240 1358 257 1380 2
284 1348 466 1384 Galliarum
480 1355 550 1392 Rex
560 1347 630 1383 inde
645 1353 835 1384 Francorum
858 1351 927 1390 Rex
940 1346 1044 1382 dietus
1057 1370 1069 1381 .

215 1403 255 1435 13
284 1398 444 1430 Francum
459 1420 468 1435 ,
485 1394 558 1435 idesl
571 1394 724 1431 liberum.

214 1450 228 1473 1
237 1450 259 1483 4
283 1444 423 1477 Feudum
426 1443 598 1486 francum,
616 1440 689 1480 idest
704 1440 840 1477 liberum
853 1465 864 1476 .

213 1498 228 1521 1
239 1498 252 1529 ς
281 1491 421 1524 feudum
430 1488 615 1535 affi·ancare,
631 1487 703 1529 idest
717 1486 758 1523 ab
769 1488 916 1534 homagio
927 1486 1011 1523 illud
1025 1486 1171 1526 liberare.

211 1538 255 1569 x6
278 1537 296 1567 Ι
298 1548 318 1570 n
325 1536 417 1580 feudi
437 1534 662 1583 affrancatioue
685 1547 744 1571 non
761 1537 939 1583 requiritur
960 1532 1097 1581 assensus
1104 1544 1173 1574 Do-

327 1594 405 1618 mini
416 1608 427 1619 .

207 1639 250 1671 17
277 1630 335 1664 Ille
346 1639 452 1666 tamen
465 1632 641 1677 requiritur
661 1631 693 1666 in
706 1628 934 1677 affrancatione
944 1630 1149 1678 emphyteusis
1160 1657 1171 1669 .

203 1679 248 1712 18
274 1679 428 1712 Homines
434 1677 547 1721 franci
554 1702 563 1716 ‚
578 1676 650 1718 idest
661 1676 755 1714 liberi
779 1676 820 1713 ab
829 1677 979 1723 homagio
993 1702 1004 1713 .

200 1734 247 1766 19
271 1726 386 1759 Franci
401 1750 410 1763 ‚
420 1728 464 1762 &⁶
477 1728 613 1761 Francia
622 1724 642 1761 a=
660 1726 831 1761 Francione
841 1749 850 1764 ,
861 1723 916 1767 seu
929 1730 1048 1762 Franco
1058 1751 1069 1762 .

200 1782 247 1806 20
271 1772 332 1807 Vel
343 1773 422 1820 quia
442 1771 483 1808 ab
492 1780 686 1820 Imperatore
697 1772 921 1809 Valentiniano
935 1775 1049 1808 Franci
1061 1775 1139 1811 dim
1153 1799 1164 1811 .

200 1829 221 1852 2
230 1829 243 1852 1
271 1821 417 1865 ‘Pecunia
422 1820 539 1864 franca
553 1820 674 1855 Gallice
687 1821 806 1855 dicitur
822 1817 934 1854 francs
944 1818 1057 1857 denier
1068 1845 1080 1856 .

197 1876 244 1900 22
269 1866 384 1902 Italice
394 1865 513 1903 franco
526 1868 560 1902 di
572 1867 705 1913 gabella
718 1891 728 1906 ,
754 1866 827 1908 idest
841 1864 925 1902 liber
939 1891 949 1901 .

198 1924 239 1957 23
269 1914 452 1951 Franchitia
464 1939 473 1954 ,
487 1914 559 1957 idesi
575 1912 791 1950 immunitam*
803 1913 940 1960 gabellis
951 1938 962 1948 .

197 1969 243 2004 24
266 1962 448 2007 Franchisia
474 1963 659 1998 Pedemonti
681 1960 721 2004 est
747 1959 894 1996 inhibitio
922 1965 1076 2006 'Notariis
1086 1987 1097 2002 ,
1125 1963 1163 1999 ne

311 2006 376 2055 poli
422 2009 666 2057 quadriennium
689 2015 805 2055 cogant
835 2009 877 2045 aa
896 2012 1162 2056 recuperationem

313 2054 596 2096 Instrumentorum
608 2080 618 2091 .

198 2113 238 2144 25
269 2103 413 2140 sumitur
425 2107 521 2140 etiam
530 2113 588 2150 pro
603 2104 709 2151 Asylo
719 2127 729 2138 .

199 2154 245 2185 26
269 2148 343 2195 Jus
358 2154 590 2187 Francorumin
596 2152 702 2195 feudis
715 2150 794 2197 quid
808 2174 820 2185 .

195 2208 241 2238 27
265 2198 402 2232 ‘Paetum
424 2199 460 2234 de
469 2198 670 2245 affrancando
685 2198 725 2242 est
737 2198 863 2233 licitum
875 2221 886 2233 .

198 2247 241 2279 28
269 2245 387 2279 cadens
400 2243 440 2279 ab
451 2246 717 2292 emphyteusimon
730 2247 815 2281 cadit
829 2243 849 2280 d
860 2243 929 2291 jure
943 2243 1158 2293 affrancandi.

195 2302 240 2335 29
265 2295 317 2325 Ex
327 2293 420 2337 patto
442 2294 479 2328 de
491 2292 692 2340 affrancando
704 2292 839 2339 apposito
864 2294 896 2327 in
910 2296 1013 2329 eodem
1037 2294 1156 2336 Instru-

311 2347 412 2376 mento
425 2349 554 2386 apparet
565 2365 573 2379 ,
585 2340 665 2375 illud
678 2338 717 2385 ess
721 2351 736 2374 e
746 2347 874 2386 partem
883 2341 1087 2388 emphyteusis
1097 2366 1107 2377 .

196 2394 242 2428 30
264 2388 389 2468 Cadensi
396 2385 437 2422 ab
450 2387 637 2435 emphyteusi
647 2411 657 2426 ,
680 2398 742 2422 non
753 2388 840 2422 cadit
849 2385 970 2434 εἰραὲἳο
986 2390 1022 2424 de
1036 2387 1156 2436 affran-

309 2444 366 2468 can
391 2446 408 2469 o
422 2460 431 2469 .

190 2489 208 2524 3
218 2491 231 2514 1
260 2480 479 2526 Empbyteutae
491 2482 591 2518 valde
605 2484 695 2519 utilis
705 2480 745 2524 esi
754 2479 940 2528 affrancatio
948 2507 957 2517 .

190 2537 234 2573 32
259 2530 399 2621 Ῥαὲῖὸυι
417 2531 454 2565 de
468 2530 671 2576 affrancando
696 2530 807 2573 transit
827 2531 870 2565 ad
874 2528 1056 2575 singulares
1075 2530 1150 2572 s'uc-

306 2588 341 2611 ce
367 2587 434 2613 ores
444 2603 453 2612 .

190 2632 232 2668 33
259 2630 332 2706 Peri
346 2623 414 2705 tal}
429 2625 604 2671 patiumfit
616 2651 626 2666 ,
651 2637 688 2661 ac
701 2623 729 2670 si
741 2626 907 2661 concedens
929 2623 1085 2673 habuiffet
1106 2624 1149 2668 si-

333 2681 381 2705 em
417 2684 431 2706 e
466 2676 542 2707 retio
560 2699 569 2708 .

191 2729 237 2763 34
262 2681 470 2764 Affrancatii)
485 2718 696 2765 eonzpatibilis
707 2719 746 2763 esi
758 2719 1031 2767 cummpJJyteufi
1043 2745 1054 2755 .

194 2777 233 2811 35
266 2770 396 2801 Statuta
407 2766 569 2808 loquentia
582 2768 618 2800 de
630 2769 813 2803 venditione
828 2767 945 2804 habent
961 2768 1065 2804 locum
1089 2769 1146 2804 in.‚

303 2815 466 2859 coutrattu
482 2824 553 2848 cum
560 2814 651 2859 padio
667 2816 702 2848 de
715 2813 915 2859 affrancando
928 2840 938 2849 .

188 2867 231 2908 36
254 2865 412 2900 'Pendente
435 2862 566 2895 termino
589 2861 630 2894 ad
644 2859 880 2905 affrancandum
894 2886 905 2901 ,
931 2864 1083 2902 venditor
1094 2863 1144 2897 in-

302 2909 395 2946 terim
403 2910 474 2954 cogi
482 2909 590 2955 nequit
600 2908 641 2941 ad
647 2905 884 2952 affrancandum
897 2933 906 2943 .

189 2966 231 3000 37
257 2963 386 3004 Emptor
406 2956 556 3001 pendente
567 2955 702 2989 termino
727 2954 768 2987 ad
786 2952 1024 2999 affrancandum
1045 2955 1140 3003 potest

302 3007 407 3041 cedere
417 3001 491 3048 jura
500 3001 558 3048 sua
572 3000 676 3039 alteri,
690 3000 902 3043 transferenao
914 3003 1085 3038 dominium
1098 3005 1147 3038 rei

301 3052 510 3098 affrancandae
525 3074 534 3084 .

185 3102 229 3144 38
256 3104 340 3134 Bona
356 3096 560 3143 affrancanda
574 3094 742 3142 subjacent
754 3094 939 3140 Extravag.
965 3095 1142 3132 Ambitio-

301 3143 338 3179 sae
348 3145 389 3180 de
400 3145 467 3179 reb.
482 3146 569 3180 Eccl.
583 3155 650 3178 non
665 3142 763 3177 alien.

184 3201 228 3241 39
254 3199 291 3230 tn
319 3191 541 3238 affrancatione
574 3191 750 3238 requiritur
773 3188 1008 3236 Beneplacitum
1042 3194 1138 3236 Apo-

268 3261 272 3264 ,
326 3240 463 3275 olicum.·

181 3300 227 3331 «ω
252 3238 465 3334 affirmatio
475 3295 527 3318 nec
535 3283 705 3326 sustinetur
717 3286 750 3320 in
759 3284 836 3320 vita
845 3283 978 3319 'Praelati
988 3307 999 3318 .

182 3348 224 3379 41
251 3333 325 3375 ‘Posi
335 3342 459 3368 centum
472 3342 569 3365 annos
581 3332 779 3375 presumitur
789 3329 1018 3378 beneplacitum
1032 3355 1043 3366 .

179 3394 224 3426 42
251 3382 385 3418 Dacium
396 3391 454 3415 non
463 3377 608 3424 solvitur
619 3379 655 3411 de
665 3376 760 3411 rebus
774 3376 984 3422 affrancandis
995 3403 1004 3412 .

180 3440 222 3475 43
251 3429 459 3474 Aff›·ancatio
483 3422 573 3462 debet
584 3421 641 3471 effe
657 3423 774 3460 valida
800 3425 842 3459 ad
854 3422 1052 3463 liberandum
1058 3428 1134 3473 fun-

295 3477 395 3511 dum.
431 3495 441 3505 ι
860 3496 864 3501 -

770 137 1030 204 Joannis
1065 142 1279 226 Lopez
1313 137 1392 203 de
1427 142 1634 207 Leone

1277 264 1326 298 44
1351 251 1595 294 Insirumentum
1621 254 1856 302 affrancationis
1889 257 1979 294 debet
1999 257 2055 305 esse
2078 261 2110 295 in
2127 259 2233 304 forma

1395 301 1542 346 probanti
1558 330 1567 338 .

1276 359 1321 394 45
1350 350 1389 382 In
1411 348 1638 396 affraucatione
1660 353 1806 396 facienda
1832 355 1873 388 ad
1894 352 2162 388 contracambium
2185 364 2234 390 at—

1396 400 1567 433 tendendus
1577 401 1677 435 valor
1691 403 1734 435 rei
1760 398 1963 447 affrancandae
1971 401 2143 444 secundum
2159 410 2235 437 tem·

1396 455 1457 490 pus
1469 446 1667 487 Invesliturae
1679 473 1687 481 .

1276 495 1324 535 46
1349 492 1559 539 Affrancatio
1572 493 1770 539 inrfflfluata
1788 509 1845 531 non
1855 495 1971 532 liberat
1983 507 2068 532 rem.

1276 549 1321 581 47
1347 539 1606 587 Ass‘rancationis
1629 542 1880 587 incsjcttuatiofit
1895 568 1903 583 ‚
1923 544 1948 588 fi
1959 544 2023 591 posi
2032 542 2238 589 affrancan’o-

1395 597 1465 619 nem
1475 597 1523 619 νας
1535 589 1566 619 in
1577 589 1682 622 eodem
1693 598 1772 625 statu
1784 600 1967 638 permaneat
1978 616 1986 625 .

1267 635 1312 677 48
1337 630 1599 684 Affrancationis
1613 632 1788 679 effctiuatio
1797 641 1932 678 dicitur,
1954 639 1983 682 si
1994 640 2025 674 in
2040 639 2156 675 cedula
2169 645 2232 675 De-

1383 683 1471 726 posm'
1486 680 1664 730 declaretur
1677 707 1686 720 ‚
1702 687 1884 730 emptionem
1891 686 1986 729 fundi
2001 687 2224 735 emphyteutici

1382 723 1548 779 proceffiJJe
1557 729 1675 773 vigore
1686 732 1783 766 Bulla:
1795 737 1992 778 Gregorianae
2005 760 2014 769 .

1265 786 1311 820 49
1337 777 1469 809 Autlor
1481 772 1528 808 tta*
1541 774 1719 818 insinuavit
1727 780 1759 812 in
1770 783 1907 824 quadam
1921 781 2022 823 Causa
2037 807 2046 815 .

1271 833 1313 865 50
1338 826 1383 856 Eo
1388 819 1510 866 fortius
1524 845 1534 860 ,
1550 823 1577 866 si
1587 825 1787 870 emphyteuta
1804 830 1982 871 reperiatur
2007 831 2040 864 in
2051 827 2224 876 poss'effione

1380 868 1462 913 situs
1476 892 1485 906 ‚
1499 880 1662 915 nunquam
1671 871 1827 912 solvendo
1839 885 1969 908 canones
1982 900 1990 909 .

1270 926 1310 958 51
1337 916 1532 962 Illegitimus
1557 916 1596 957 est
1619 927 1722 963 capax
1747 919 1952 965 emphyteusis
1978 924 2192 968 Ecclefiafticae
2215 950 2225 964 ‚

1372 963 1474 1006 stante
1485 966 1579 1009 pauo
1591 966 1628 999 de
1637 965 1837 1012 affrancando
1852 990 1861 1000 .

1269 1020 1310 1052 52
1337 1013 1446 1046 Etiam
1457 1014 1602 1046 extranei
1626 1016 1840 1049 admittuntur
1862 1015 1894 1049 in
1907 1016 2096 1063 emphyteusi
2120 1019 2226 1055 Eccle-

1379 1058 1504 1104 siaslica
1515 1082 1526 1097 ‚
1538 1071 1612 1094 cum
1616 1062 1707 1107 patto
1718 1063 1754 1096 de
1766 1060 1969 1107 affrancando
1979 1088 1990 1097 .

1265 1114 1304 1147 53
1331 1109 1470 1143 ‘Paetum
1485 1106 1523 1140 de
1535 1105 1737 1153 affrancando
1763 1111 1912 1144 diminuit
1922 1110 2072 1146 valorem
2093 1113 2124 1148 in
2130 1113 2225 1156 sexta

1377 1163 1468 1202 parte
1478 1174 1489 1185 ·

1266 1213 1312 1246 54
1337 1209 1375 1238 In
1387 1206 1484 1240 tertia
1498 1230 1508 1245 ,
1521 1212 1577 1239 aut
1591 1212 1709 1248 quarta
1720 1212 1812 1251 parte
1825 1229 1834 1238 .

1267 1260 1306 1293 55
1336 1256 1470 1299 Recepto
1493 1252 1593 1300 pretio
1617 1251 1758 1295 censetur
1781 1251 1953 1296 resolutum
1973 1256 2104 1301 pallum
2129 1256 2167 1290 de
2176 1257 2226 1301 af-

1375 1299 1552 1343 francando
1564 1323 1574 1333 .

1261 1349 1305 1390 56
1330 1353 1416 1383 Bona
1430 1347 1607 1395 affrancata
1628 1345 2011 1394 perfideicommittentem
2030 1351 2149 1385 cadunt
2160 1348 2222 1393 sub

1374 1393 1685 1441 ejusfideicommisso
1700 1420 1709 1428 .

1257 1452 1301 1485 57
1325 1445 1464 1479 Paetum
1483 1445 1520 1479 de
1536 1440 1738 1487 affrancando
1752 1467 1761 1481 ,
1787 1446 1911 1490 quando
1925 1442 1963 1483 esi
1988 1446 2026 1479 de
2038 1444 2220 1481 hereditate
2283 1478 2288 1486 ,

1367 1489 1668 1534 fideicommittentis
1679 1515 1689 1530 ,
1716 1491 1832 1532 censeri
1850 1491 2072 1535 debetfattum
2088 1501 2146 1537 pro
2156 1492 2215 1526 hae.

1371 1539 1507 1574 reditate
1518 1562 1528 1571 .

1255 1589 1300 1629 58
1325 1591 1380 1622 Ex
1396 1586 1514 1634 quibus
1526 1586 1653 1622 dicatur
1667 1583 1760 1629 faita
1772 1584 1937 1629 francatio
1947 1586 2069 1621 nomine
2089 1584 2219 1622 haredi-

1371 1636 1456 1669 tario
1467 1659 1476 1668 .

1249 1692 1264 1725 5
1271 1694 1293 1725 9
1317 1683 1457 1718 ‘Pastum
1469 1682 1505 1717 de
1512 1678 1713 1726 affrancando
1724 1679 1762 1721 est
1773 1679 1953 1717 reiterabile
1964 1705 1974 1717 .

1247 1735 1294 1766 60
1321 1734 1458 1777 Tempus
1469 1731 1510 1765 ad
1511 1727 1628 1774 jeetum
1641 1729 1790 1764 locationi
1802 1753 1812 1768 ,
1825 1740 1883 1764 non
1893 1728 2033 1772 censetur
2039 1729 2211 1776 repetitum

1365 1779 1397 1812 in
1406 1775 1676 1824 pastofrancandi
1688 1777 1722 1810 in
1733 1777 1837 1810 eodem
1849 1775 2059 1818 Instrumento
2070 1801 2080 1811 .

1249 1827 1293 1861 61
1320 1826 1459 1861 Paolum
1470 1826 1506 1860 de
1517 1820 1702 1870 affrancand
1710 1834 1728 1858 o
1739 1821 1779 1865 esi
1789 1825 1885 1859 etiam
1899 1820 2050 1866 ceffibile,
2070 1825 2114 1859 (9-
2129 1835 2211 1860 ven-

1366 1872 1464 1908 cliln'le
1485 1896 1496 1906 .

1246 1921 1292 1954 62
1317 1918 1543 1962 'Pr-ascribitur
1554 1917 1738 1965 perlapsum
1751 1920 1888 1964 triginta
1910 1928 2068 1953 annorum
2080 1942 2091 1953 .

1245 1969 1289 2010 63
1317 1971 1397 2012 Non
1409 1975 1512 2002 tamen
1524 1965 1631 2009 desunt
1644 1965 1735 2009 casus
1750 1989 1761 2004 ,
1782 1967 1816 2000 in
1826 1963 1945 2010 quibus
1967 1966 2115 2012 competit
2124 1965 2211 2010 resii-
2254 2000 2257 2001 ⁷

1363 2016 1447 2050 tutio
1471 2016 1505 2049 in
1516 2015 1678 2060 integrum
1700 2013 1862 2049 adversus
1884 2013 1981 2049 talem
2001 2012 2212 2060 prascriptio-

1363 2073 1433 2096 nem
1445 2086 1456 2095 .
2126 2092 2129 2093 ⁷

1242 2109 1291 2152 64
1315 2107 1485 2153 Resellitur
1497 2106 1655 2142 Menoch.
1667 2105 1802 2142 confil.1
1811 2117 1890 2150 147.
1911 2117 2004 2141 nu.1.
2015 2118 2096 2143 cum
2111 2104 2208 2155 seqq.

1359 2164 1467 2191 tenens
1477 2178 1487 2193 ‚
1500 2155 1565 2190 tale
1577 2157 1707 2200 paetum
1719 2153 1758 2199 es]
1762 2165 1776 2186 e
1787 2153 2066 2200 impraes'criptibile
2077 2180 2089 2190 .

1242 2204 1286 2246 65
1315 2204 1448 2239 aanor
1462 2202 1606 2237 editurus
1613 2200 1652 2242 esi
1663 2203 1851 2236 Tractatum
1861 2203 1903 2236 de
1913 2201 2157 2238 affraneatione
2171 2226 2182 2237 .

1243 2252 1290 2287 66
1317 2248 1482 2298 Qomodo
1494 2274 1504 2288 ‚
1516 2251 1560 2286 ψ
1574 2250 1700 2292 quando
1715 2247 1793 2292 laefio
1805 2247 1993 2293 considerari
2000 2247 2089 2298 poffit
2101 2251 2135 2285 in
2146 2257 2205 2295 pa-

1358 2300 1407 2334 eto
1418 2295 1613 2344 affrancandi
1624 2321 1633 2331 .

1239 2349 1287 2389 67
1313 2346 1452 2392 ‚Quando
1458 2344 1603 2387 facultas
1625 2342 1822 2390 affrancandi
1842 2342 1978 2391 concessa
1988 2345 2088 2379 'Patri
2095 2368 2106 2383 ‚
2129 2355 2199 2379 cen-

1325 2418 1327 2421 .
1352 2392 1464 2436 s'eatur
1476 2390 1610 2438 conceffa
1620 2393 1717 2426 etiam
1722 2390 1802 2433 filiis
1812 2414 1821 2425 .

1237 2442 1284 2476 63
1311 2440 1520 2486 Affrancatio
1528 2439 1620 2483 faita
1636 2440 1671 2473 de
1683 2447 1840 2484 tempore,
1864 2450 1926 2482 quo
1930 2438 2053 2483 fratres
2067 2439 2200 2474 vivunt

1351 2489 1385 2522 in
1397 2488 1628 2569 communione,
1644 2486 1843 2532 praesumitur
1844 2487 1938 2531 fabia
1957 2497 1998 2522 ex
2010 2483 2101 2521 bonis
2111 2496 2195 2522 com-

1351 2545 1438 2569 771qu
1463 2546 1501 2569 us
1517 2560 1526 2569 ο

1233 2584 1280 2625 69
1304 2581 1458 2627 Nondum
1473 2582 1611 2629 sequuta
1632 2580 1856 2628 affrancatione
1874 2580 2194 2627 praeferturDominus

1351 2631 1489 2664 ‘sirenus
1503 2632 1634 2677 emptori
1647 2632 1680 2664 in
1691 2627 1876 2676 emphyteusi
1886 2653 1895 2667 ,
1919 2640 1978 2663 non
1989 2626 2127 2668 obstante
2133 2637 2192 2675 pa·

1352 2678 1400 2711 ἑῖο
1416 2679 1452 2712 de
1465 2675 1667 2723 affrancando
1684 2701 1693 2711 .

1233 2733 1280 2765 70
1306 2722 1352 2758 ob
1367 2724 1488 2771 lapsum
1502 2725 1589 2772 longi
1598 2725 1746 2771 temporis
1769 2724 1965 2769 praesumitur
1978 2722 2168 2769 affrancatio
2182 2746 2192 2757 .

1230 2781 1274 2812 71
1301 2770 1376 2813 ‘Posi
1397 2771 1536 2818 elapsum
1563 2773 1732 2807 terminum
1751 2773 1792 2806 aci
1815 2770 2051 2817 affrancandum
2073 2768 2194 2815 affran-

1349 2821 1431 2854 catio
1441 2821 1542 2866 petita
1553 2819 1675 2855 nullius
1687 2817 1728 2858 esi
1741 2820 1888 2854 momenti
1901 2842 1909 2850 .

1226 2875 1271 2908 72
1299 2867 1450 2902 Facultas
1474 2869 1514 2902 ad
1525 2875 1647 2903 certum
1658 2874 1782 2912 tempus
1789 2863 1950 2912 permissa,
1974 2864 2038 2910 posi
2054 2864 2136 2900 illud
2145 2865 2190 2909 ef-

1339 2914 1475 2958 fluxum
1488 2914 1684 2960 intelligitur
1697 2912 1858 2958 prohibita
1874 2937 1883 2946 .

1227 2970 1269 3005 73
1297 2967 1476 3007 Prorogata
1491 2959 1681 3008 emphyteufi
1690 2961 1731 2996 ad
1744 2960 1834 2995 aliud
1840 2960 2105 3006 quinquennium,
2128 2969 2187 2993 non

1344 3017 1484 3044 remanet
1495 3017 1703 3055 prorogatum
1714 3009 1755 3041 ad
1768 3006 1857 3041 aliud
1866 3007 2112 3052 quinquennium
2131 3013 2190 3051 pa-

1345 3057 1431 3091 etum
1445 3057 1481 3091 de
1491 3054 1694 3102 affrancando
1711 3077 1721 3087 .

1222 3113 1272 3146 74
1295 3100 1542 3148 ,Affrancatione
1547 3102 1686 3146 sequuta
1700 3124 1708 3138 ,
1732 3096 1814 3133 illico
1825 3096 1980 3133 liberatur
1996 3110 2046 3134 res
2066 3097 2085 3133 a*
2096 3111 2180 3134 nexu

1339 3149 1557 3195 emphyteusis,
1569 3152 1612 3183 (φ
1623 3145 1643 3179 ἂ
1653 3156 1806 3179 canonum
1812 3145 1968 3187 solutione
1981 3146 2170 3190 infuturum
2179 3172 2188 3181 .

1219 3207 1262 3240 75
1292 3197 1443 3241 Iniquum
1454 3194 1523 3239 esset
1534 3216 1544 3231 ‚
1569 3191 1648 3234 quo'd
1666 3194 1791 3226 interim
1819 3194 2008 3238 quindennia
2037 3192 2185 3228 deberen-

1340 3250 1395 3274 tur
1407 3242 1443 3274 de
1456 3252 1489 3273 re
1501 3237 1602 3282 postea¹
1614 3236 1819 3284 affrancanda
1834 3263 1843 3272 .

1221 3293 1269 3333 76
1294 3295 1379 3324 Bona
1389 3284 1523 3331 concessa
1541 3288 1572 3319 in
1583 3284 1801 3331 emphyteusim
1827 3287 2001 3333 cumlpab‘to
2011 3288 2048 3321 de
2062 3284 2178 3332 affi'an-

1337 3334 1434 3368 cando
1447 3331 1602 3367 habentur
1616 3341 1674 3378 pro
1686 3330 1797 3367 liberis
1807 3358 1816 3366 .

1217 3393 1263 3426 77
1288 3385 1366 3424 Non
1375 3379 1517 3421 solvitur
1526 3377 1654 3424 gabella
1677 3380 1712 3414 de
1725 3391 1758 3415 re
1769 3382 1845 3416 data
1856 3392 1927 3417 cum
1935 3383 2025 3428 patio
2038 3381 2146 3417 luendi
2160 3409 2167 3422 ‚

1342 3435 1401 3465 aut
1413 3428 1659 3464 retrovendendi
1669 3451 1678 3461 .

2026 3478 2070 3519 73
2098 3481 2115 3510 I
2117 3492 2134 3514 n
