2295 3757
459 157 600 224 Post
620 155 988 224 Trastatum
1008 153 1088 221 de
1102 153 1558 243 Qindenniis.

121 277 185 305 tuae
195 268 290 307 fundi
303 268 499 317 pon'effione
510 269 647 316 spoliate
660 268 707 302 ob
722 279 791 303 non
806 267 995 304 exhibitum

118 317 256 353 titulum
269 343 279 358 ,
299 318 460 364 purgatio
474 329 576 353 morae
589 341 599 355 ‚
629 327 669 351 ac
690 316 912 361 reintegratio
923 314 995 362 pos-

113 361 262 401 feffionis
277 390 288 407 ,
299 366 473 403 mediante
484 362 772 411 quindenniornm
783 360 948 400 solutione
962 389 972 398 .

254 458 761 497 SUMMARIUM.

79 560 95 587 1
122 559 189 593 Pro
201 555 393 592 alienatione
404 552 608 601 emphyteusis
623 551 663 588 ab
678 553 877 600 emphyteuta
886 554 1000 597 salta,

165 603 314 648 solvitur
328 600 591 649 quinquagesima
602 600 813 640 aeslimationis
828 601 925 645 fundi
937 615 1000 637 em-

168 649 346 698 phyteutici
359 673 369 689 ,
388 649 453 694 ipso
467 650 598 684 Domino
613 649 729 683 directo
743 672 752 682 .

82 698 102 727 2
129 699 339 734 Laudemium
349 697 468 731 ditium
476 695 544 739 suit
557 694 576 730 a*
586 693 691 731 verbo
703 694 805 730 laudo
817 708 827 735 3
852 698 936 743 quod
947 706 1003 743 ap-

174 743 309 796 probare
314 740 473 788 significat
490 767 499 777 .

85 793 103 828 3
132 792 332 842 Qindennia
348 789 607 832 induttafuerunt
619 789 763 825 inlocum
776 789 1005 826 laudemiorum

178 841 213 877 in
243 845 394 874 eventum
412 836 562 882 transitus
584 836 789 884 emphyteusis
827 841 868 873 ad
891 849 1004 873 manus

180 894 326 922 mortuas
339 907 348 918 .

87 935 111 968 4
135 931 257 974 confiat
271 934 306 967 de
319 929 503 974 uindicata
517 956 527 970 ,
551 933 676 975 quando
689 931 851 978 appellans
864 944 921 967 non
932 940 1004 977 pro·

177 980 321 1027 sequitur
329 979 421 1021 suam
436 979 675 1025 appellationem
685 977 770 1014 intra¹
780 978 938 1013 biennium
949 1002 958 1011 .

90 1027 106 1064 5
137 1027 306 1075 Restitutio
318 1028 349 1060 in
361 1026 520 1072 integrum
531 1024 648 1072 absque
659 1025 774 1069 lusione
787 1036 841 1060 nec
855 1025 1006 1069 Ecclesia,

185 1073 318 1121 aliisque
337 1073 408 1109 Piis
419 1075 533 1114 Locis,
554 1075 598 1109 ψ
620 1073 758 1120 personis
781 1073 1007 1118 privilegiatis

180 1121 361 1157 conceditur
373 1143 383 1153 .

55 1193 58 1196 ι
88 1163 111 1196 ⁶
136 1169 345 1205 Laudcmium
358 1165 491 1204 debetur
502 1169 634 1205 Domino
648 1168 762 1202 diretta
774 1173 829 1211 pro
843 1166 1007 1202 alienatio-

185 1227 220 1251 ne
237 1213 444 1261 emphyteusis
450 1215 574 1259 favore
584 1214 658 1262 pers
654 1224 714 1249 onec
729 1221 883 1248 extranea
893 1212 934 1248 ab
945 1225 1007 1248 em-

182 1260 434 1310 phyteutafaiiae
447 1287 457 1300 ,
471 1264 696 1309 quindenmum
709 1258 788 1295 verb
798 1259 1009 1306 subrogatum

184 1313 218 1345 in
245 1310 350 1344 locum
367 1308 519 1344 laudemii
540 1307 670 1344 debetur
694 1316 753 1354 pro
763 1307 895 1351 transitu
916 1306 1010 1354 ipsius

185 1354 390 1403 emphyteusis
402 1356 444 1390 ad
452 1366 581 1390 manum
593 1364 753 1390 mortuam
767 1379 777 1389 .

94 1407 116 1439 7
141 1411 209 1441 'Pro
224 1403 380 1438 locatione
397 1412 458 1437 non
469 1400 803 1438 debeturlaudemium
816 1426 825 1441 ‚
849 1414 903 1439 nec
917 1403 1011 1447 quin-

178 1450 334 1485 dennium
344 1471 354 1482 .

94 1491 115 1526 3
143 1497 329 1534 contractus
337 1494 458 1543 semper
466 1495 544 1531 talis
554 1498 586 1532 di
587 1495 728 1543 judicari
739 1495 827 1532 debet
842 1521 851 1536 ,
875 1497 983 1542 qualis
994 1495 1015 1532 d

185 1540 344 1578 'Partibus
357 1543 389 1577 in
402 1542 608 1586 Instrumenta
619 1545 840 1578 denominatur
850 1568 860 1577 .

91 1593 115 1628 9
141 1588 281 1630 Verbum
305 1587 489 1624 locationis
510 1588 550 1632 esi
558 1593 741 1635 genericum
751 1615 760 1630 ,
773 1592 817 1626 Θ
839 1590 905 1626 lato
917 1602 1018 1627 voca-

182 1636 256 1673 bulo
264 1635 491 1682 comprehendit
501 1646 627 1682 quoque
636 1636 856 1689 emphyteusim
867 1663 876 1672 .

71 1688 114 1714 10
136 1688 271 1728 ‘Nomen
280 1681 468 1718 locationis
478 1692 536 1731 per
547 1685 713 1721 dictionem
735 1694 772 1719 m
786 1683 898 1728 transit
911 1687 944 1720 in
962 1697 1019 1722 no·
1061 1677 1069 1683 ⁴

186 1742 255 1766 men
270 1728 477 1775 emphyteusis
486 1753 496 1766 .

73 1783 87 1808 1
97 1781 112 1806 1
140 1777 330 1824 &servatio
356 1778 486 1813 dominii
508 1777 622 1814 airetzi
642 1779 795 1813 convenit
829 1778 1018 1827 emphyteusi

190 1823 318 1861 tantum
333 1847 343 1863 ‚
355 1835 415 1859 non
424 1833 532 1860 autem
542 1825 694 1861 locationi
701 1832 854 1871 perpetuae
866 1852 876 1861 .

75 1877 117 1903 12
141 1874 344 1918 Praecipuum
355 1869 598 1911 constitutivum
616 1874 798 1907 contractus
810 1873 1019 1921 emphyteuti-

191 1921 222 1955 ci
231 1918 363 1964 consistit
376 1920 407 1953 in
418 1929 452 1955 ιό
461 1945 472 1961 ,
494 1917 576 1966 quod
588 1930 640 1955 res
651 1920 693 1954 ad
705 1919 934 1956 meliorandum
947 1930 1020 1958 con-

191 1969 315 2004 ceditur
330 1990 341 2000 .

79 2017 119 2051 13
147 2013 289 2053 Verbum
318 2011 443 2050 Canon
463 2015 626 2060 proprium
636 2011 677 2054 esi
696 2013 902 2061 emphyteusis
924 2038 937 2055 ,
958 2026 1019 2053 non

191 2069 298 2097 autem
311 2059 446 2107 congrue
456 2062 631 2105 adaptatur
638 2060 787 2096 locationi
797 2085 808 2096 .

76 2111 122 2147 14
146 2107 363 2156 Emphyteusis
384 2106 699 2153 contradistinguitur
718 2106 738 2141 a*
761 2107 914 2144 locatione
925 2133 936 2150 ‚
959 2121 994 2146 eo
1006 2135 1017 2151 ‚

191 2153 274 2202 quod
277 2154 396 2198 solutio
406 2155 541 2192 Canonis
551 2156 645 2190 nnica
655 2153 780 2190 tantum
794 2157 871 2193 vice
882 2166 1018 2205 quotan-

191 2203 242 2238 nis
250 2202 400 2246 facienda
415 2204 606 2238 convenitur
618 2226 629 2237 .

76 2253 116 2289 15
143 2252 182 2286 In
193 2249 346 2285 locatione
358 2261 417 2284 non
426 2250 604 2288 incurritur
623 2250 789 2286 caducitas
800 2249 839 2286 ob
852 2263 911 2286 non
931 2252 1019 2295 solu-

190 2304 258 2332 tam
266 2295 445 2342 pensionem,
459 2307 514 2330 nec
525 2297 692 2333 condultor
703 2299 860 2341 privatur
871 2299 1020 2335 meliora-

193 2344 305 2377 mentis
316 2365 325 2380 ,
331 2341 385 2384 sed
396 2342 502 2388 potius
513 2344 568 2389 ipfi
578 2345 715 2378 veniunt
727 2342 890 2386 reficienda
901 2371 910 2380 .

80 2387 123 2421 16
148 2388 286 2435 Insignia
297 2388 394 2434 affixa
407 2390 439 2423 in
445 2389 547 2432 fundo
557 2389 786 2436 emphyteutico
796 2392 954 2439 designant
963 2395 1018 2430 do-

195 2437 328 2471 minium
341 2436 493 2472 direttum
506 2437 597 2471 illius
607 2460 616 2475 ,
627 2436 721 2482 cuius
732 2438 949 2485 Insigniasunt
959 2465 969 2475 .

82 2489 122 2522 17
147 2482 355 2526 vniverfizlis
372 2482 515 2529 qualitas
542 2483 784 2531 emphyteutica*
802 2488 902 2521 totius
919 2487 1017 2531 fundi

192 2538 350 2576 operatur,
363 2538 400 2564 ut
410 2528 488 2564 talis
499 2531 596 2566 etiam
605 2530 750 2574 censenda
757 2531 800 2576 sit
810 2533 1015 2580 parsspecia-

195 2577 238 2612 lis
252 2600 263 2616 ‚
286 2587 351 2623 quae
362 2587 422 2612 non
431 2574 632 2624 prasumitur
646 2578 854 2623 diversimode
876 2579 1013 2627 concessa

199 2622 221 2658 ci
226 2622 250 2667 s
246 2634 286 2658 uo
299 2631 364 2658 toto
379 2647 389 2657 .
966 2651 971 2656 .

82 2682 97 2706 1
104 2673 123 2706 8
149 2677 212 2715 Res
223 2672 304 2705 inter
312 2669 393 2706 alios
403 2672 475 2706 afta
485 2673 577 2707 tertio
587 2683 649 2707 non
657 2671 844 2718 praeiudicat
855 2697 866 2708 .

81 2729 122 2762 19
146 2716 299 2767 officiales
312 2719 599 2754 LocorumPiorum
608 2730 668 2754 non
676 2719 903 2766 praesumuntur
910 2721 1021 2763 solve·

193 2775 228 2800 re
240 2762 367 2811 voluiss
362 2775 377 2798 e
388 2764 556 2805 laudemia,
570 2767 615 2803 Θ·
625 2768 827 2813 quindennia,
835 2766 858 2808 s
851 2779 931 2816 eque
939 2767 1020 2805 obli-

193 2821 274 2857 gare
284 2813 325 2847 ad
337 2811 402 2849 alia
415 2812 604 2857 quindennia
617 2813 804 2857 infuturum
814 2816 1016 2855 decurrenda,

186 2859 213 2903 si
225 2856 420 2903 conceffiones
430 2860 556 2893 Terreni
566 2858 607 2894 ab
614 2871 722 2895 eorum
734 2860 942 2897 Authoribus
963 2861 1019 2898 ob·

194 2914 283 2940 tentae
303 2907 502 2951 interpretari
523 2904 635 2952 possent
657 2906 763 2953 potius
783 2917 838 2952 pro
849 2912 1012 2955 perpetuis

196 2950 425 2990 locationibus,
439 2951 534 2993 qua'm
548 2962 605 2995 pro
620 2954 803 2999 emphyteusi
820 2979 830 2988 .

90 3010 136 3036 20
158 3003 196 3035 ln
206 2999 393 3047 emphyteusi
399 2999 544 3041 solvitur
558 3001 637 3042 quid
649 3002 815 3037 minimum
826 3003 859 3037 in
883 3004 1022 3049 recogni-

195 3048 311 3082 tionem
321 3047 428 3081 diretti
437 3046 565 3081 dominii
575 3069 584 3078 .

84 3104 122 3128 21
153 3099 205 3129 Ex
216 3094 316 3128 hortis
329 3094 518 3139 regulariter
533 3091 728 3138 colliguntur
738 3094 999 3140 olera,legumt’na
1011 3120 1023 3137 ,

194 3138 313 3186 aliique
322 3141 448 3184 fruitus
460 3164 469 3172 .

89 3199 133 3222 22
159 3187 385 3232 cannaparius,
399 3186 496 3235 qua'm
507 3186 628 3232 affictus
642 3188 792 3233 arguitur
802 3199 843 3223 ex
857 3200 962 3224 annua
975 3201 1024 3225 re-

192 3231 348 3276 sponsione
363 3247 421 3269 non
432 3237 594 3270 excedente
601 3235 723 3275 sextam
735 3242 859 3280 partem
869 3260 879 3275 ,
898 3235 1025 3281 praeser-

198 3280 257 3313 tim
271 3281 304 3314 in
313 3281 500 3329 emphyteusi
515 3280 726 3325 Ecclefiallica
738 3306 748 3315 .

89 3338 130 3370 23
156 3328 172 3358 I
175 3322 254 3362 mmo
259 3324 282 3368 s
278 3325 375 3370 ufficit
386 3352 396 3366 ‚
421 3328 503 3375 quod
513 3341 574 3364 non
581 3327 729 3374 probetur
744 3331 894 3376 antiquus
906 3330 954 3363 rei
964 3328 1030 3371 sla-

201 3381 255 3407 tus
265 3397 275 3411 ,
286 3383 340 3408 nec
354 3377 465 3419 quanti
468 3376 593 3419 fuerint
616 3374 743 3417 frubius
754 3375 886 3424 ejusdem
900 3377 945 3412 rei
960 3378 1031 3412 ‹le-³

207 3427 342 3467 tempore
348 3421 486 3468 sequuta·
506 3421 698 3468 concessionis
712 3447 722 3458 .

1816 184 1936 248 597

1080 281 1126 316 24
1147 272 1186 306 In
1207 269 1422 310 constitutione
1444 272 1578 308 Canonis
1600 269 1708 306 haberi
1727 275 1822 317 potesl
1850 280 1931 312 ratio
1949 278 2022 322 fru-

1196 320 1304 354 Huum
1316 344 1324 358 ,
1349 329 1416 366 quae
1428 319 1616 364 infuturum
1641 320 1672 352 in
1683 324 1796 362 maiori
1809 327 2021 367 quantitate.)

1197 367 1317 412 percipi
1331 374 1475 412 poterant
1489 364 1527 403 ob
1543 366 1776 401 melioramenta
1785 380 1942 405 conventa
1955 396 1963 404 .

1080 424 1120 457 25
1152 418 1255 449 Canon
1268 415 1380 459 augeri
1399 412 1491 460 potes?
1503 413 1759 458 contemplatione
1779 413 1846 459 ejus
1861 440 1870 453 ,
1895 419 2023 460 quadiu

1197 460 1332 507 ineresJu
1351 460 1441 503 solvi
1467 459 1561 497 debui
1587 468 1615 495 et
1628 484 1637 498 ‚
1659 463 1784 503 quando
1807 460 1848 496 ab
1858 463 1888 496 in
1896 462 2016 502 vellitis

1198 496 1280 542 nihil
1289 517 1343 552 pro
1354 510 1514 544 intratura
1528 506 1551 550 s
1547 520 1563 543 ο
1577 507 1673 542 vitur
1686 532 1695 541 .

1082 558 1128 593 26
1153 559 1237 590 Bona
1249 554 1387 598 Ecclesiae
1399 579 1408 594 ‚
1419 564 1455 591 ut
1467 555 1600 590 alienari
1610 551 1719 599 poffi'nt
1729 580 1738 594 ,
1749 556 1923 603 requiritur
1933 557 2024 591 illius

1198 603 1332 637 evidens
1356 603 1482 639 utilitas
1503 601 1598 648 juxta
1623 602 1806 649 Extravag.
1829 602 2025 639 Ambitiosa:

1199 647 1243 682 de
1257 647 1522 685 reb.Ecclcs.non
1534 649 1674 684 alienati.

1086 708 1130 742 27
1155 697 1335 742 coaequatio
1346 698 1479 734 canonis
1504 707 1575 731 cum
1582 694 1747 739 fruliibus
1757 710 1816 733 non
1828 695 2021 739 adversatur

1199 742 1380 787 substantia
1392 742 1597 791 emphyteufis
1607 744 1822 788 Ecclesiasticae
1832 769 1842 785 ,
1854 755 1906 781 nec
1916 746 2030 779 immu-

1206 799 1256 825 tat
1269 790 1359 826 illius
1373 801 1523 827 naturam
1535 815 1544 824 .

1087 840 1130 873 28
1157 837 1295 873 Decifio
1311 847 1509 882 334.coram
1526 839 1668 874 Buratto
1680 840 1863 875 declaratur
1883 862 1893 873 .

1085 897 1131 928 ²9
1155 885 1304 928 clausula
1316 885 1362 920 ad
1378 884 1571 921 habendum
1583 910 1593 925 ,
1613 891 1646 921 ἀ
1659 886 1856 925 constituti,
1877 882 2026 930 ampliffi-

1201 935 1264 968 mis
1283 931 1396 968 verbis
1407 932 1530 976 extensa
1544 934 1718 980 adaptatur
1742 933 1963 978 congruentius
1978 933 2024 967 lo-

1205 981 1324 1015 cationi
1333 988 1486 1027 perpetuae
1497 1004 1506 1019 ‚
1518 978 1614 1026 quam
1626 981 1814 1026 emphyteusi
1826 1007 1832 1015 .

1091 1035 1136 1069 30
1161 1028 1224 1063 ald
1235 1026 1304 1067 hoc,
1315 1035 1350 1062 ut
1364 1026 1565 1072 dignoscatur
1575 1030 1757 1064 concretius
1768 1027 2032 1074 emphyteuticus,

1200 1073 1282 1117 satis
1292 1071 1353 1115 esi,
1380 1071 1504 1119 quodin
1518 1075 1581 1120 ipso
1604 1075 1805 1118 reservatum
1819 1073 1923 1119 fuerit
1937 1075 2033 1108 domi-

1207 1122 1296 1155 nium
1306 1121 1460 1156 direttum
1473 1144 1483 1155 .

1091 1177 1132 1211 31
1161 1166 1313 1210 clausula
1329 1167 1372 1200 ad
1387 1165 1577 1202 habendum
1593 1193 1601 1207 ‚
1617 1172 1649 1203 &
1662 1167 1858 1207 constituti,
1873 1167 1980 1214 utpote
1990 1169 2026 1202 cle

1199 1214 1280 1259 stylo
1290 1215 1506 1257 Notariorum
1517 1216 1549 1249 in
1560 1215 1680 1260 quibus
1675 1227 1808 1263 cumque
1818 1213 2031 1251 contraliibus

1209 1258 1434 1308 Empbyteusis‚
1447 1260 1614 1305 prasertim
1625 1271 1786 1308 perpetua,
1797 1263 1910 1308 apponi
1917 1261 1938 1302 s
1934 1262 2029 1299 alite,

1206 1308 1287 1343 nihil
1295 1310 1419 1355 operari
1433 1308 1548 1343 valent
1561 1311 1602 1344 ad
1613 1309 1838 1344 excludendam
1848 1310 2038 1350 qualitatem

1215 1354 1476 1402 emphyteuticam
1490 1380 1499 1390 .

1096 1413 1138 1447 32
1165 1400 1380 1448 Emphyteufis
1389 1401 1598 1446 Ecclesiastica
1619 1411 1656 1438 ut
1665 1403 1841 1448 plurimum
1855 1403 1896 1437 ad
1909 1403 2038 1438 tertiam

1211 1448 1336 1484 tantum
1344 1451 1576 1494 generationem
1590 1451 1714 1485 concedi
1727 1450 1806 1491 solet
1819 1474 1828 1483 .

1098 1507 1139 1540 33
1167 1499 1206 1532 In
1228 1496 1417 1530 alienatione
1440 1495 1643 1540 emphyteusis
1666 1498 1766 1540 requi}
1774 1498 1842 1530 itur
1878 1495 2039 1539 consensus

1218 1543 1346 1578 Domini
1358 1543 1468 1577 directi
1478 1567 1486 1581 ‚
1498 1542 1738 1588 eiquesolvitur
1747 1543 1938 1577 laudemium
1948 1567 1958 1577 .

1101 1599 1146 1635 34
1169 1591 1306 1627 Pal'tum
1322 1588 1487 1631 solutionis
1498 1589 1649 1625 laudemii
1669 1589 1820 1636 implicite
1830 1590 1969 1632 censetur
1989 1590 2037 1623 in-

1217 1634 1275 1682 esse
1296 1637 1471 1671 contraliui
1481 1636 1683 1683 emphyteusis
1699 1661 1707 1675 ‚
1728 1637 1801 1671 licet
1823 1636 1965 1682 expresse
1978 1647 2037 1670 non

1117 1683 1159 1728 fit
1171 1685 1212 1719 ad
1215 1681 1437 1729 jeliu,quando
1448 1683 1562 1723 conflat
1575 1685 1611 1718 de
1624 1684 1780 1730 qualitate
1792 1683 2037 1729 emphyteutica.

1101 1741 1142 1775 35
1171 1731 1326 1767 Dominus
1347 1731 1480 1764 dii-etius
1501 1738 1606 1777 petere
1616 1729 1711 1777 potest
1735 1728 1756 1763 d
1769 1741 1864 1764 manu
1890 1738 2039 1765 morture.»

1217 1778 1389 1815 laudemia,
1405 1779 1448 1812 (ff
1462 1779 1649 1823 quindennia
1669 1779 1701 1812 in
1711 1778 1904 1823 praeteritum
1915 1788 1974 1812 non
1986 1785 2038 1822 pe-

1218 1826 1282 1860 tita
1295 1823 1333 1860 ob
1344 1825 1493 1859 rationem
1509 1823 1590 1868 juris
1605 1826 1746 1869 ignorati
1759 1848 1767 1856 .

1102 1874 1147 1917 36
1171 1878 1300 1909 Favore
1309 1870 1446 1915 Ecclesiae
1452 1871 1599 1915 facienda
1614 1870 1652 1913 esi
1675 1871 1890 1916 interpretatio
1905 1879 1962 1916 pro
1976 1881 2040 1904 em-

1217 1918 1356 1965 phyteusi
1368 1944 1377 1958 ‚
1400 1917 1472 1953 cum
1492 1918 1549 1953 illa
1571 1920 1606 1953 in
1625 1921 1786 1954 coutrattu
1812 1917 2043 1964 emphyteutico

1215 1966 1322 2002 minus
1334 1966 1467 2001 laedatur
1478 1990 1489 2000 .

1102 2024 1147 2059 37
1172 2015 1284 2051 sixtus
1295 2017 1325 2049 V
1326 2011 1465 2056 ‚indulsit
1476 2012 1621 2058 capitulo
1633 2013 1800 2047 S.‘1³etride
1810 2009 1907 2051 Vrbe,
1920 2020 1956 2047 ut
1960 2011 1982 2055 s
1979 2022 2041 2046 cm-

1216 2069 1272 2108 per
1305 2059 1527 2103 raesumendum
1542 2057 1582 2103 sit
1601 2059 1721 2103 favore
1735 2058 1876 2105 Capituli
1893 2067 1949 2105 pro
1970 2070 2042 2093 con-

1217 2068 1341 2152 ccffipone
1353 2108 1386 2141 in
1400 2105 1619 2152 emphyteusim
1631 2105 1846 2152 potiusquam
1859 2108 1900 2140 ad
1908 2105 2041 2148 censum.

1101 2159 1144 2202 38
1169 2160 1207 2190 ln
1217 2153 1310 2191 dubio
1322 2152 1493 2200 judicanda
1505 2151 1545 2193 est
1555 2161 1614 2198 pro
1626 2152 1784 2201 qualitate
1794 2153 2038 2200 emphyteutica.

1078 2251 1147 2331 IN
1158 2248 1331 2295 praemium
1345 2259 1412 2293 prae
1419 2244 1491 2283 stiti
1505 2245 1678 2283 consensus
1688 2258 1748 2293 per
1758 2246 1953 2283 Dominum

1132 2297 1296 2333 d5re6tum
1310 2295 1509 2332 laudantem
1525 2317 1535 2333 ,
1565 2297 1599 2329 &
1612 2294 1855 2340 approbantem
1869 2293 1950 2330 alie-

1075 2345 1252 2380 nationem
1267 2368 1276 2383 ,
1301 2341 1355 2378 seu
1371 2341 1629 2379 translationem
1641 2342 1814 2377 Bonorum
1832 2339 1888 2376 sub
1901 2341 1951 2385 ip-

1077 2391 1142 2427 fius
1163 2391 1294 2426 ᾱίιεᾶο
1307 2388 1466 2426 dominio
1488 2387 1702 2425 existentium
1717 2413 1727 2428 ,
1750 2388 1795 2424 ab
1808 2388 1952 2434 emphy-

1075 2448 1170 2474 teuta
1183 2436 1310 2473 saetam
1325 2435 1442 2473 favore
1453 2435 1595 2474 aliarum
1608 2434 1822 2482 personarum
1841 2438 1950 2481 Impe-
1999 2447 2015 2472 1

1074 2483 1384 2534 ratorjustinianus
1396 2485 1429 2519 in
1441 2481 1632 2525 l.sin.Cod.de
1642 2481 1711 2529 jure
1721 2482 1950 2530 emphyteutico

1077 2532 1236 2572 sancivit,
1259 2540 1298 2566 nt
1320 2530 1431 2566 eidem
1445 2529 1603 2566 Domino
1619 2529 1751 2566 diredo
1772 2527 1950 2566 solveretur

1072 2578 1353 2628 quinquagesima
1368 2587 1444 2623 pars
1461 2575 1560 2622 pretii
1576 2601 1586 2616 ‚
1604 2579 1655 2612 vel
1669 2575 1950 2612 aestimationisil-

1079 2628 1144 2662 lius
1156 2626 1201 2662 rei
1215 2652 1224 2667 ‚
1246 2638 1321 2670 quae
1346 2625 1392 2660 ad
1405 2624 1509 2660 aliam
1521 2621 1698 2671 personam
1725 2622 1924 2660 transfertur
1935 2647 1948 2662 ,

1079 2684 1186 2721 quam
1197 2672 1338 2719 quidem
1347 2670 1444 2719 pretii
1458 2681 1602 2717 partem,
1613 2683 1687 2717 quae
1698 2679 1877 2718 tamquam
1891 2681 1950 2716 ge·

1078 2731 1143 2757 nus
1165 2719 1346 2766 quoddam
1372 2718 1594 2764 gratitudinis
1617 2717 1778 2764 penditur
1795 2719 1949 2753 Domino

1077 2766 1251 2812 recipienti
1276 2777 1406 2802 novum
1427 2765 1686 2812 emphyteutam
1696 2790 1706 2806 ,
1734 2763 1851 2800 Nostri
1866 2762 1949 2806 juris

1076 2817 1278 2859 Interpretes
1292 2812 1469 2859 desumpta
1483 2812 1700 2861 etymologia
1714 2811 1735 2848 a
1747 2811 1848 2846 verbo
1862 2815 1950 2846 Lau-

1074 2864 1132 2900 do,
1151 2860 1249 2907 quod
1262 2859 1452 2906 approbare
1470 2885 1480 2901 ,
1503 2861 1554 2894 vel
1565 2859 1731 2896 ratificate
1750 2855 1918 2901 fignificat
1936 2879 1948 2895 ,

1077 2909 1288 2944 Laudemium
1295 2905 1526 2943 communiter
1536 2907 1783 2952 compellarunt
1795 2929 1803 2942 ,
1826 2912 1864 2938 ut
1876 2913 1946 2947 prae

1079 2953 1205 2990 caeteris
1216 2955 1249 2989 in
1260 2953 1394 3000 propoli
1399 2964 1437 2990 to
1447 2952 1612 2990 admonet
1635 2952 1687 2994 Νι·
1684 2961 1744 2996 ger
1761 2950 1798 2984 de
1810 2950 1948 2985 laudem.

1081 3013 1124 3049 qu
1132 3027 1140 3036 .
1149 3012 1311 3046 1.num.43
1318 3003 1372 3038 v·
1381 3012 1440 3045 44.

1129 3049 1253 3084 Verum
1276 3048 1358 3094 quia
1380 3047 1566 3094 aliquando
1589 3044 1636 3079 ob
1648 3042 1821 3078 transitum
1845 3041 1953 3079 bono-

1081 3106 1157 3132 rum
1177 3095 1510 3141 emphyteuticorum
1533 3091 1580 3126 ad
1604 3093 1678 3126 loca
1703 3089 1931 3126 Ecclefiastica
1941 3115 1951 3130 ,

1082 3144 1132 3178 vel
1146 3142 1215 3188 pia,
1234 3153 1309 3188 quae
1322 3151 1444 3176 manns
1456 3149 1596 3174 mortuae
1612 3137 1781 3175 dicuntur,
1797 3137 1953 3173 Domino

1082 3188 1214 3225 direeto
1229 3190 1318 3224 nulla
1339 3187 1484 3231 amplius
1497 3183 1694 3229 suppetebat
1721 3181 1791 3228 spes
1816 3184 1952 3219 devolu-

1083 3235 1188 3271 tionis
1201 3260 1211 3275 ,
1225 3238 1259 3269 δε
1280 3234 1327 3269 ob
1345 3234 1482 3268 vetitam
1499 3230 1620 3267 eisdem
1635 3231 1717 3266 locis
1731 3232 1751 3266 a
1765 3230 1952 3268 pontificiis

1084 3280 1322 3317 Sanc-tionibus
1345 3279 1579 3324 praedietorum
1597 3277 1766 3314 bonorum
1778 3279 1954 3314 alienatio-

1088 3338 1164 3362 nem
1179 3351 1189 3366 ‚
1214 3325 1370 3371 quaelibet
1384 3325 1646 3371 praecludebatur
1659 3325 1714 3360 via
1726 3324 1953 3372 consequendi

1088 3373 1276 3409 Laudemia
1290 3384 1301 3412 ;
1314 3374 1400 3408 Ideo
1413 3373 1455 3408 ιιέ
1468 3373 1640 3408 Dominus
1650 3372 1795 3408 dimotus
1806 3374 1851 3408 ob
1866 3384 1956 3408 tran-

1092 3421 1191 3456 situm
1200 3420 1371 3458 bonorum
1387 3420 1720 3469 emphyteuticorum
1743 3419 1789 3456 ad
1801 3419 1955 3467 prefatas

1840 3476 1912 3501 ma-

1996 2917 2016 2940 ιδ
