<?xml version="1.0" encoding="UTF-8"?>
<!DOCTYPE html PUBLIC "-//W3C//DTD XHTML 1.0 Transitional//EN"
    "http://www.w3.org/TR/xhtml1/DTD/xhtml1-transitional.dtd">
<html xmlns="http://www.w3.org/1999/xhtml" xml:lang="en" lang="en">
 <head>
  <title>
</title>
<meta http-equiv="Content-Type" content="text/html;charset=utf-8" />
  <meta name='ocr-system' content='tesseract 3.04.00' />
  <meta name='ocr-capabilities' content='ocr_page ocr_carea ocr_par ocr_line ocrx_word'/>
</head>
<body>
  <div class='ocr_page' id='page_1' title='image "./dequindenniistra00lope_0228.png"; bbox 0 0 2295 3757; ppageno 0'>
   <div class='ocr_carea' id='block_1_1' title="bbox 227 112 346 177">
    <p class='ocr_par' dir='ltr' id='par_1_1' title="bbox 227 112 346 177">
     <span class='ocr_line' id='line_1_1' title="bbox 227 112 346 177; baseline -0.008 0"><span class='ocrx_word' id='word_1_1' title='bbox 227 112 346 177; x_wconf 77' lang='lat'><em>182</em></span> 
     </span>
    </p>
   </div>
   <div class='ocr_carea' id='block_1_2' title="bbox 131 219 1106 1123">
    <p class='ocr_par' dir='ltr' id='par_1_2' title="bbox 131 219 1034 271">
     <span class='ocr_line' id='line_1_2' title="bbox 131 219 1034 271; baseline -0.007 -10"><span class='ocrx_word' id='word_1_2' title='bbox 131 229 197 271; x_wconf 84' lang='lat'><em>389</em></span> <span class='ocrx_word' id='word_1_3' title='bbox 221 226 328 270; x_wconf 81' lang='lat' dir='ltr'><em>&#39;Pcnsio</em></span> <span class='ocrx_word' id='word_1_4' title='bbox 344 219 557 266; x_wconf 80' lang='lat' dir='ltr'><em>Ecclefiaslica</em></span> <span class='ocrx_word' id='word_1_5' title='bbox 575 220 706 258; x_wconf 80' lang='lat' dir='ltr'><em>debetur</em></span> <span class='ocrx_word' id='word_1_6' title='bbox 715 222 781 257; x_wconf 87' lang='lat' dir='ltr'><em>loco</em></span> <span class='ocrx_word' id='word_1_7' title='bbox 793 222 1034 257; x_wconf 80' lang='lat' dir='ltr'><em>alimentorum.</em></span> 
     </span>
    </p>

    <p class='ocr_par' dir='ltr' id='par_1_3' title="bbox 134 267 1106 359">
     <span class='ocr_line' id='line_1_3' title="bbox 134 267 1106 318; baseline -0.006 -11"><span class='ocrx_word' id='word_1_8' title='bbox 134 285 200 318; x_wconf 83' lang='lat'><em>390</em></span> <span class='ocrx_word' id='word_1_9' title='bbox 225 277 240 305; x_wconf 91' lang='lat' dir='ltr'><em>I</em></span> <span class='ocrx_word' id='word_1_10' title='bbox 244 287 263 309; x_wconf 81' lang='lat' dir='ltr'><em>n</em></span> <span class='ocrx_word' id='word_1_11' title='bbox 276 273 494 315; x_wconf 74' lang='lat' dir='ltr'><strong><em>reservatione</em></strong></span> <span class='ocrx_word' id='word_1_12' title='bbox 508 269 669 312; x_wconf 82' lang='lat' dir='ltr'><em>&#39;Penfionis</em></span> <span class='ocrx_word' id='word_1_13' title='bbox 680 271 795 316; x_wconf 90' lang='lat' dir='ltr'><em>apponi</em></span> <span class='ocrx_word' id='word_1_14' title='bbox 800 268 880 311; x_wconf 87' lang='lat' dir='ltr'><em>solet</em></span> <span class='ocrx_word' id='word_1_15' title='bbox 889 267 1033 310; x_wconf 71' lang='lat' dir='ltr'><em>clausula</em></span> <span class='ocrx_word' id='word_1_16' title='bbox 1045 292 1054 307; x_wconf 95' lang='lat'><em>,</em></span> <span class='ocrx_word' id='word_1_17' title='bbox 1068 275 1106 302; x_wconf 85' lang='lat' dir='ltr'><em>ut</em></span> 
     </span>
     <span class='ocr_line' id='line_1_4' title="bbox 270 315 850 359; baseline -0.012 -3"><span class='ocrx_word' id='word_1_18' title='bbox 270 318 502 357; x_wconf 69' lang='lat' dir='ltr'><em>commodiane</em></span> <span class='ocrx_word' id='word_1_19' title='bbox 511 315 701 359; x_wconf 78' lang='lat' dir='ltr'><em>substentare</em></span> <span class='ocrx_word' id='word_1_20' title='bbox 712 316 829 350; x_wconf 79' lang='lat' dir='ltr'><em>valeas</em></span> <span class='ocrx_word' id='word_1_21' title='bbox 838 339 850 348; x_wconf 89' lang='lat'>.</span> 
     </span>
    </p>

    <p class='ocr_par' dir='ltr' id='par_1_4' title="bbox 134 361 1104 553">
     <span class='ocr_line' id='line_1_5' title="bbox 134 361 1095 412; baseline -0.011 -7"><span class='ocrx_word' id='word_1_22' title='bbox 134 380 175 412; x_wconf 82' lang='lat'><em>39</em></span> <span class='ocrx_word' id='word_1_23' title='bbox 184 380 197 404; x_wconf 81' lang='lat' dir='ltr'>x</span> <span class='ocrx_word' id='word_1_24' title='bbox 225 365 373 404; x_wconf 79' lang='lat' dir='ltr'><em>Garz.de</em></span> <span class='ocrx_word' id='word_1_25' title='bbox 384 363 527 400; x_wconf 83' lang='lat' dir='ltr'><em>Benefic.</em></span> <span class='ocrx_word' id='word_1_26' title='bbox 543 374 649 408; x_wconf 73' lang='lat' dir='ltr'><em>par-2.</em></span> <span class='ocrx_word' id='word_1_27' title='bbox 662 373 773 407; x_wconf 77' lang='lat' dir='ltr'><em>cap-1.</em></span> <span class='ocrx_word' id='word_1_28' title='bbox 786 373 899 397; x_wconf 63' lang='lat' dir='ltr'><em>numa</em></span> <span class='ocrx_word' id='word_1_29' title='bbox 911 373 923 396; x_wconf 83' lang='lat' dir='ltr'>x</span> <span class='ocrx_word' id='word_1_30' title='bbox 933 371 964 404; x_wconf 89' lang='lat'><em>3.</em></span> <span class='ocrx_word' id='word_1_31' title='bbox 977 361 1095 406; x_wconf 85' lang='lat' dir='ltr'><em>inquit,</em></span> 
     </span>
     <span class='ocr_line' id='line_1_6' title="bbox 269 406 1093 459; baseline -0.01 -9"><span class='ocrx_word' id='word_1_32' title='bbox 269 415 408 459; x_wconf 78' lang='lat' dir='ltr'><strong><em>indigere</em></strong></span> <span class='ocrx_word' id='word_1_33' title='bbox 432 409 651 449; x_wconf 70' lang='lat' dir='ltr'><em>constitutione</em></span> <span class='ocrx_word' id='word_1_34' title='bbox 674 406 841 451; x_wconf 80' lang='lat' dir='ltr'><em>Pontificia</em></span> <span class='ocrx_word' id='word_1_35' title='bbox 874 408 980 450; x_wconf 84' lang='lat' dir='ltr'><em>casum</em></span> <span class='ocrx_word' id='word_1_36' title='bbox 998 408 1093 452; x_wconf 84' lang='lat' dir='ltr'><em>super</em></span> 
     </span>
     <span class='ocr_line' id='line_1_7' title="bbox 269 455 1104 504; baseline -0.01 -7"><span class='ocrx_word' id='word_1_37' title='bbox 269 460 421 504; x_wconf 76' lang='lat' dir='ltr'><em>divisione</em></span> <span class='ocrx_word' id='word_1_38' title='bbox 436 458 603 502; x_wconf 71' lang='lat' dir='ltr'><em>fructuum</em></span> <span class='ocrx_word' id='word_1_39' title='bbox 607 455 755 498; x_wconf 80' lang='lat' dir='ltr'><em>facienda</em></span> <span class='ocrx_word' id='word_1_40' title='bbox 781 457 862 490; x_wconf 86' lang='lat' dir='ltr'><em>inter</em></span> <span class='ocrx_word' id='word_1_41' title='bbox 873 455 1006 490; x_wconf 81' lang='lat' dir='ltr'><em>haeredes</em></span> <span class='ocrx_word' id='word_1_42' title='bbox 1019 456 1104 490; x_wconf 87' lang='lat' dir='ltr'><em>&#39;Pen-</em></span> 
     </span>
     <span class='ocr_line' id='line_1_8' title="bbox 267 501 741 553; baseline -0.019 -8"><span class='ocrx_word' id='word_1_43' title='bbox 267 508 399 553; x_wconf 79' lang='lat' dir='ltr'><em>fionarii</em></span> <span class='ocrx_word' id='word_1_44' title='bbox 413 531 421 544; x_wconf 89' lang='lat'><em>,</em></span> <span class='ocrx_word' id='word_1_45' title='bbox 442 507 486 540; x_wconf 63' lang='grc' dir='ltr'><em>(φ’</em></span> <span class='ocrx_word' id='word_1_46' title='bbox 498 501 741 543; x_wconf 67' lang='lat' dir='ltr'><em>Benefici-ctum.</em></span> 
     </span>
    </p>

    <p class='ocr_par' dir='ltr' id='par_1_5' title="bbox 135 546 844 603">
     <span class='ocr_line' id='line_1_9' title="bbox 135 546 844 603; baseline -0.013 -11"><span class='ocrx_word' id='word_1_47' title='bbox 135 570 200 603; x_wconf 83' lang='lat'><em>39²</em></span> <span class='ocrx_word' id='word_1_48' title='bbox 225 556 334 599; x_wconf 77' lang='lat' dir='ltr'><em>&#39;Penfio</em></span> <span class='ocrx_word' id='word_1_49' title='bbox 343 554 485 595; x_wconf 85' lang='lat' dir='ltr'><em>solvitur</em></span> <span class='ocrx_word' id='word_1_50' title='bbox 495 551 527 584; x_wconf 88' lang='lat' dir='ltr'><em>in</em></span> <span class='ocrx_word' id='word_1_51' title='bbox 538 546 661 584; x_wconf 83' lang='lat' dir='ltr'><em>duobus</em></span> <span class='ocrx_word' id='word_1_52' title='bbox 674 550 819 584; x_wconf 86' lang='lat' dir='ltr'><em>terminis</em></span> <span class='ocrx_word' id='word_1_53' title='bbox 835 575 844 583; x_wconf 93' lang='lat'><strong><em>.</em></strong></span> 
     </span>
    </p>

    <p class='ocr_par' dir='ltr' id='par_1_6' title="bbox 134 595 1106 687">
     <span class='ocr_line' id='line_1_10' title="bbox 134 595 1106 650; baseline -0.012 -10"><span class='ocrx_word' id='word_1_54' title='bbox 134 617 150 650; x_wconf 86' lang='lat'><em>3</em></span> <span class='ocrx_word' id='word_1_55' title='bbox 157 617 177 648; x_wconf 90' lang='lat'><em>9</em></span> <span class='ocrx_word' id='word_1_56' title='bbox 184 616 198 649; x_wconf 86' lang='lat'><em>3</em></span> <span class='ocrx_word' id='word_1_57' title='bbox 225 601 442 646; x_wconf 73' lang='lat' dir='ltr'><em>&#39;pensionarius</em></span> <span class='ocrx_word' id='word_1_58' title='bbox 452 596 491 637; x_wconf 76' lang='lat' dir='ltr'><em>est</em></span> <span class='ocrx_word' id='word_1_59' title='bbox 505 595 759 639; x_wconf 79' lang='lat' dir='ltr'><em>usufructuarius</em></span> <span class='ocrx_word' id='word_1_60' title='bbox 768 598 800 631; x_wconf 90' lang='lat' dir='ltr'><em>in</em></span> <span class='ocrx_word' id='word_1_61' title='bbox 813 597 890 632; x_wconf 88' lang='lat' dir='ltr'><em>vita</em></span> <span class='ocrx_word' id='word_1_62' title='bbox 904 621 914 635; x_wconf 93' lang='lat'>,</span> <span class='ocrx_word' id='word_1_63' title='bbox 925 598 967 632; x_wconf 60' lang='grc' dir='ltr'><em>Θ·</em></span> <span class='ocrx_word' id='word_1_64' title='bbox 981 597 1012 630; x_wconf 88' lang='lat' dir='ltr'><em>in</em></span> <span class='ocrx_word' id='word_1_65' title='bbox 1024 605 1106 629; x_wconf 89' lang='lat' dir='ltr'><em>mor-</em></span> 
     </span>
     <span class='ocr_line' id='line_1_11' title="bbox 277 641 949 687; baseline -0.004 -7"><span class='ocrx_word' id='word_1_66' title='bbox 277 659 308 684; x_wconf 72' lang='lat' dir='ltr'><em>te</em></span> <span class='ocrx_word' id='word_1_67' title='bbox 321 674 329 687; x_wconf 92' lang='lat'><em>‚</em></span> <span class='ocrx_word' id='word_1_68' title='bbox 345 644 570 687; x_wconf 77' lang='lat' dir='ltr'><em>Beneficiarius</em></span> <span class='ocrx_word' id='word_1_69' title='bbox 583 641 664 678; x_wconf 69' lang='lat' dir='ltr'><em>vero</em></span> <span class='ocrx_word' id='word_1_70' title='bbox 675 645 707 678; x_wconf 88' lang='lat' dir='ltr'><em>iu</em></span> <span class='ocrx_word' id='word_1_71' title='bbox 718 644 795 678; x_wconf 86' lang='lat' dir='ltr'><em>vita</em></span> <span class='ocrx_word' id='word_1_72' title='bbox 806 642 930 678; x_wconf 77' lang='lat' dir='ltr'><em>tantum</em></span> <span class='ocrx_word' id='word_1_73' title='bbox 940 668 949 677; x_wconf 90' lang='lat'>.</span> 
     </span>
    </p>

    <p class='ocr_par' dir='ltr' id='par_1_7' title="bbox 136 689 1078 745">
     <span class='ocr_line' id='line_1_12' title="bbox 136 689 1078 745; baseline -0.007 -14"><span class='ocrx_word' id='word_1_74' title='bbox 136 710 205 745; x_wconf 76' lang='lat'><em>394</em></span> <span class='ocrx_word' id='word_1_75' title='bbox 226 694 447 738; x_wconf 80' lang='lat' dir='ltr'><em>&#39;Penlionarius</em></span> <span class='ocrx_word' id='word_1_76' title='bbox 461 698 586 725; x_wconf 83' lang='lat' dir='ltr'><em>tenetur</em></span> <span class='ocrx_word' id='word_1_77' title='bbox 599 692 640 724; x_wconf 88' lang='lat' dir='ltr'><em>ad</em></span> <span class='ocrx_word' id='word_1_78' title='bbox 646 689 671 732; x_wconf 87' lang='lat' dir='ltr'><em>s</em></span> <span class='ocrx_word' id='word_1_79' title='bbox 666 691 749 725; x_wconf 83' lang='lat' dir='ltr'><em>olum</em></span> <span class='ocrx_word' id='word_1_80' title='bbox 764 689 904 735; x_wconf 84' lang='lat' dir='ltr'><em>Officium</em></span> <span class='ocrx_word' id='word_1_81' title='bbox 912 698 1056 736; x_wconf 86' lang='lat' dir='ltr'><em>parvum</em></span> <span class='ocrx_word' id='word_1_82' title='bbox 1067 714 1078 724; x_wconf 87' lang='lat'><strong>.</strong></span> 
     </span>
    </p>

    <p class='ocr_par' dir='ltr' id='par_1_8' title="bbox 137 735 974 791">
     <span class='ocr_line' id='line_1_13' title="bbox 137 735 974 791; baseline -0.013 -11"><span class='ocrx_word' id='word_1_83' title='bbox 137 756 199 791; x_wconf 81' lang='lat'><em>395</em></span> <span class='ocrx_word' id='word_1_84' title='bbox 228 741 446 786; x_wconf 70' lang='lat' dir='ltr'><em>‘pensionarius</em></span> <span class='ocrx_word' id='word_1_85' title='bbox 455 738 581 782; x_wconf 79' lang='lat' dir='ltr'><em>fructus</em></span> <span class='ocrx_word' id='word_1_86' title='bbox 589 735 772 780; x_wconf 78' lang='lat' dir='ltr'><em>finelaborc</em></span> <span class='ocrx_word' id='word_1_87' title='bbox 784 738 952 771; x_wconf 89' lang='lat' dir='ltr'><em>manducat</em></span> <span class='ocrx_word' id='word_1_88' title='bbox 966 761 974 769; x_wconf 90' lang='lat'><strong><em>.</em></strong></span> 
     </span>
    </p>

    <p class='ocr_par' dir='ltr' id='par_1_9' title="bbox 138 781 1102 884">
     <span class='ocr_line' id='line_1_14' title="bbox 138 781 1102 837; baseline -0.009 -12"><span class='ocrx_word' id='word_1_89' title='bbox 138 796 205 837; x_wconf 80' lang='lat'><em>396</em></span> <span class='ocrx_word' id='word_1_90' title='bbox 230 788 337 832; x_wconf 75' lang='lat' dir='ltr'><em>Pensio</em></span> <span class='ocrx_word' id='word_1_91' title='bbox 352 785 511 828; x_wconf 80' lang='lat' dir='ltr'><em>reservari</em></span> <span class='ocrx_word' id='word_1_92' title='bbox 519 784 598 826; x_wconf 90' lang='lat' dir='ltr'><em>solet</em></span> <span class='ocrx_word' id='word_1_93' title='bbox 615 792 671 829; x_wconf 81' lang='lat' dir='ltr'><em>per</em></span> <span class='ocrx_word' id='word_1_94' title='bbox 682 785 835 818; x_wconf 80' lang='lat' dir='ltr'><em>dictiones</em></span> <span class='ocrx_word' id='word_1_95' title='bbox 847 781 999 827; x_wconf 64' lang='lat' dir='ltr'><em>quandiiu</em></span> <span class='ocrx_word' id='word_1_96' title='bbox 1015 807 1025 822; x_wconf 89' lang='lat'>‚</span> <span class='ocrx_word' id='word_1_97' title='bbox 1045 781 1102 826; x_wconf 84' lang='lat' dir='ltr'><em>seu</em></span> 
     </span>
     <span class='ocr_line' id='line_1_15' title="bbox 274 830 774 884; baseline -0.012 -14"><span class='ocrx_word' id='word_1_98' title='bbox 274 835 379 884; x_wconf 84' lang='lat' dir='ltr'><em>quoad</em></span> <span class='ocrx_word' id='word_1_99' title='bbox 391 833 517 868; x_wconf 83' lang='lat' dir='ltr'><em>vixerit</em></span> <span class='ocrx_word' id='word_1_100' title='bbox 527 830 750 873; x_wconf 81' lang='lat' dir='ltr'><em>‘Pensionarius</em></span> <span class='ocrx_word' id='word_1_101' title='bbox 764 854 774 864; x_wconf 88' lang='lat'><strong>.</strong></span> 
     </span>
    </p>

    <p class='ocr_par' dir='ltr' id='par_1_10' title="bbox 142 877 1008 928">
     <span class='ocr_line' id='line_1_16' title="bbox 142 877 1008 928; baseline -0.009 -8"><span class='ocrx_word' id='word_1_102' title='bbox 142 896 205 928; x_wconf 86' lang='lat'><em>397</em></span> <span class='ocrx_word' id='word_1_103' title='bbox 233 885 340 921; x_wconf 86' lang='lat' dir='ltr'><em>Dictio</em></span> <span class='ocrx_word' id='word_1_104' title='bbox 355 878 509 926; x_wconf 61' lang='lat' dir='ltr'><em>quandin</em></span> <span class='ocrx_word' id='word_1_105' title='bbox 521 878 645 913; x_wconf 84' lang='lat' dir='ltr'><em>dividit</em></span> <span class='ocrx_word' id='word_1_106' title='bbox 656 884 775 922; x_wconf 85' lang='lat' dir='ltr'><em>tempus</em></span> <span class='ocrx_word' id='word_1_107' title='bbox 784 877 816 911; x_wconf 89' lang='lat' dir='ltr'><em>in</em></span> <span class='ocrx_word' id='word_1_108' title='bbox 828 884 983 911; x_wconf 85' lang='lat' dir='ltr'><em>momenta</em></span> <span class='ocrx_word' id='word_1_109' title='bbox 997 901 1008 912; x_wconf 83' lang='lat'><strong><em>.</em></strong></span> 
     </span>
    </p>

    <p class='ocr_par' dir='ltr' id='par_1_11' title="bbox 137 922 972 978">
     <span class='ocr_line' id='line_1_17' title="bbox 137 922 972 978; baseline -0.014 -8"><span class='ocrx_word' id='word_1_110' title='bbox 137 934 204 978; x_wconf 80' lang='lat'><em>398</em></span> <span class='ocrx_word' id='word_1_111' title='bbox 233 929 336 967; x_wconf 73' lang='lat' dir='ltr'><em>Hodie</em></span> <span class='ocrx_word' id='word_1_112' title='bbox 344 925 451 969; x_wconf 79' lang='lat' dir='ltr'><em>Pensio</em></span> <span class='ocrx_word' id='word_1_113' title='bbox 459 926 528 960; x_wconf 88' lang='lat' dir='ltr'><em>dari</em></span> <span class='ocrx_word' id='word_1_114' title='bbox 539 925 656 958; x_wconf 86' lang='lat' dir='ltr'><em>dicitur</em></span> <span class='ocrx_word' id='word_1_115' title='bbox 669 931 794 969; x_wconf 83' lang='lat' dir='ltr'><em>propter</em></span> <span class='ocrx_word' id='word_1_116' title='bbox 807 922 949 967; x_wconf 84' lang='lat' dir='ltr'><em>Officium</em></span> <span class='ocrx_word' id='word_1_117' title='bbox 963 949 972 958; x_wconf 90' lang='lat'>.</span> 
     </span>
    </p>

    <p class='ocr_par' dir='ltr' id='par_1_12' title="bbox 138 968 1102 1070">
     <span class='ocr_line' id='line_1_18' title="bbox 138 968 1102 1024; baseline -0.02 0"><span class='ocrx_word' id='word_1_118' title='bbox 138 990 205 1024; x_wconf 90' lang='lat'><em>399</em></span> <span class='ocrx_word' id='word_1_119' title='bbox 229 976 336 1020; x_wconf 68' lang='lat' dir='ltr'><em>Pensio</em></span> <span class='ocrx_word' id='word_1_120' title='bbox 355 972 517 1008; x_wconf 73' lang='lat' dir='ltr'><em>deberetur</em></span> <span class='ocrx_word' id='word_1_121' title='bbox 538 968 711 1005; x_wconf 69' lang='lat' dir='ltr'><em>heredibus</em></span> <span class='ocrx_word' id='word_1_122' title='bbox 720 970 910 1013; x_wconf 77' lang='lat' dir='ltr'><em>Pensionarii</em></span> <span class='ocrx_word' id='word_1_123' title='bbox 927 980 982 1014; x_wconf 88' lang='lat' dir='ltr'><em>pro</em></span> <span class='ocrx_word' id='word_1_124' title='bbox 1006 978 1102 1007; x_wconf 49' lang='lat' dir='ltr'><em>rata,</em></span> 
     </span>
     <span class='ocr_line' id='line_1_19' title="bbox 271 1017 939 1070; baseline -0.01 -11"><span class='ocrx_word' id='word_1_125' title='bbox 271 1026 437 1070; x_wconf 78' lang='lat' dir='ltr'><em>fructuum</em></span> <span class='ocrx_word' id='word_1_126' title='bbox 446 1028 499 1065; x_wconf 88' lang='lat' dir='ltr'><em>per</em></span> <span class='ocrx_word' id='word_1_127' title='bbox 513 1017 686 1053; x_wconf 87' lang='lat' dir='ltr'><em>Titularem</em></span> <span class='ocrx_word' id='word_1_128' title='bbox 695 1025 911 1063; x_wconf 85' lang='lat' dir='ltr'><em>perceptorum</em></span> <span class='ocrx_word' id='word_1_129' title='bbox 930 1042 939 1051; x_wconf 92' lang='lat'><em>.</em></span> 
     </span>
    </p>

    <p class='ocr_par' dir='ltr' id='par_1_13' title="bbox 134 1062 1102 1123">
     <span class='ocr_line' id='line_1_20' title="bbox 134 1062 1102 1123; baseline -0.018 -9"><span class='ocrx_word' id='word_1_130' title='bbox 134 1089 205 1123; x_wconf 84' lang='lat'><em>400</em></span> <span class='ocrx_word' id='word_1_131' title='bbox 231 1070 356 1114; x_wconf 79' lang='lat' dir='ltr'><em>Divifio</em></span> <span class='ocrx_word' id='word_1_132' title='bbox 367 1068 570 1103; x_wconf 80' lang='lat' dir='ltr'><em>terminorum</em></span> <span class='ocrx_word' id='word_1_133' title='bbox 577 1062 617 1106; x_wconf 75' lang='lat' dir='ltr'><em>fit</em></span> <span class='ocrx_word' id='word_1_134' title='bbox 638 1065 731 1106; x_wconf 79' lang='lat' dir='ltr'><em>causa</em></span> <span class='ocrx_word' id='word_1_135' title='bbox 747 1065 963 1099; x_wconf 78' lang='lat' dir='ltr'><em>commodioris</em></span> <span class='ocrx_word' id='word_1_136' title='bbox 972 1064 1102 1108; x_wconf 88' lang='lat' dir='ltr'><em>solutio-</em></span> 
     </span>
    </p>
   </div>
   <div class='ocr_carea' id='block_1_3' title="bbox 129 1131 1103 3410">
    <p class='ocr_par' dir='ltr' id='par_1_14' title="bbox 279 1131 354 1154">
     <span class='ocr_line' id='line_1_21' title="bbox 279 1131 354 1154; baseline -0.04 0"><span class='ocrx_word' id='word_1_137' title='bbox 279 1131 327 1154; x_wconf 82' lang='lat' dir='ltr'><em>nts</em></span> <span class='ocrx_word' id='word_1_138' title='bbox 344 1141 354 1151; x_wconf 90' lang='lat'>.</span> 
     </span>
    </p>

    <p class='ocr_par' dir='ltr' id='par_1_15' title="bbox 136 1156 891 1216">
     <span class='ocr_line' id='line_1_22' title="bbox 136 1156 891 1216; baseline -0.011 -15"><span class='ocrx_word' id='word_1_139' title='bbox 136 1183 203 1216; x_wconf 87' lang='lat'><em>401</em></span> <span class='ocrx_word' id='word_1_140' title='bbox 229 1164 339 1210; x_wconf 74' lang='lat' dir='ltr'><em>&#39;Pensio</em></span> <span class='ocrx_word' id='word_1_141' title='bbox 351 1161 390 1205; x_wconf 74' lang='lat' dir='ltr'><em>esi</em></span> <span class='ocrx_word' id='word_1_142' title='bbox 397 1161 546 1204; x_wconf 84' lang='lat' dir='ltr'><em>servitus</em></span> <span class='ocrx_word' id='word_1_143' title='bbox 557 1156 699 1203; x_wconf 78' lang='lat' dir='ltr'><em>injuncta</em></span> <span class='ocrx_word' id='word_1_144' title='bbox 715 1156 863 1201; x_wconf 81' lang='lat' dir='ltr'><em>Beneficio</em></span> <span class='ocrx_word' id='word_1_145' title='bbox 882 1183 891 1192; x_wconf 90' lang='lat'><strong>.</strong></span> 
     </span>
    </p>

    <p class='ocr_par' dir='ltr' id='par_1_16' title="bbox 135 1205 1103 1296">
     <span class='ocr_line' id='line_1_23' title="bbox 135 1205 1103 1262; baseline -0.008 -13"><span class='ocrx_word' id='word_1_146' title='bbox 135 1230 205 1262; x_wconf 81' lang='lat'><em>402</em></span> <span class='ocrx_word' id='word_1_147' title='bbox 229 1211 338 1255; x_wconf 77' lang='lat' dir='ltr'><em>‘Pensio</em></span> <span class='ocrx_word' id='word_1_148' title='bbox 352 1207 522 1253; x_wconf 74' lang='lat' dir='ltr'><em>secundum</em></span> <span class='ocrx_word' id='word_1_149' title='bbox 548 1206 628 1240; x_wconf 79' lang='lat' dir='ltr'><em>alios</em></span> <span class='ocrx_word' id='word_1_150' title='bbox 654 1205 776 1251; x_wconf 77' lang='lat' dir='ltr'><em>integre</em></span> <span class='ocrx_word' id='word_1_151' title='bbox 813 1205 1040 1249; x_wconf 81' lang='lat' dir='ltr'><em>transmittitur</em></span> <span class='ocrx_word' id='word_1_152' title='bbox 1061 1206 1103 1241; x_wconf 80' lang='lat' dir='ltr'><em>ad</em></span> 
     </span>
     <span class='ocr_line' id='line_1_24' title="bbox 275 1253 636 1296; baseline -0.025 -1"><span class='ocrx_word' id='word_1_153' title='bbox 275 1258 408 1295; x_wconf 64' lang='lat' dir='ltr'><em>haeredes</em></span> <span class='ocrx_word' id='word_1_154' title='bbox 417 1253 611 1296; x_wconf 76' lang='lat' dir='ltr'><em>‘Pensionarii</em></span> <span class='ocrx_word' id='word_1_155' title='bbox 626 1277 636 1286; x_wconf 91' lang='lat'>.</span> 
     </span>
    </p>

    <p class='ocr_par' dir='ltr' id='par_1_17' title="bbox 135 1298 880 1356">
     <span class='ocr_line' id='line_1_25' title="bbox 135 1298 880 1356; baseline -0.008 -17"><span class='ocrx_word' id='word_1_156' title='bbox 135 1324 181 1356; x_wconf 83' lang='lat'><em>40</em></span> <span class='ocrx_word' id='word_1_157' title='bbox 188 1323 201 1356; x_wconf 84' lang='lat'><em>3</em></span> <span class='ocrx_word' id='word_1_158' title='bbox 229 1305 337 1350; x_wconf 78' lang='lat' dir='ltr'><em>‘Pensio</em></span> <span class='ocrx_word' id='word_1_159' title='bbox 349 1301 516 1346; x_wconf 72' lang='lat' dir='ltr'><em>consistitin</em></span> <span class='ocrx_word' id='word_1_160' title='bbox 529 1311 615 1334; x_wconf 80' lang='lat' dir='ltr'><em>mera</em></span> <span class='ocrx_word' id='word_1_161' title='bbox 625 1298 856 1346; x_wconf 77' lang='lat' dir='ltr'><em>temporalitate</em></span> <span class='ocrx_word' id='word_1_162' title='bbox 871 1323 880 1333; x_wconf 88' lang='lat'><strong>.</strong></span> 
     </span>
    </p>

    <p class='ocr_par' dir='ltr' id='par_1_18' title="bbox 135 1345 951 1402">
     <span class='ocr_line' id='line_1_26' title="bbox 135 1345 951 1402; baseline -0.013 -12"><span class='ocrx_word' id='word_1_163' title='bbox 135 1369 207 1402; x_wconf 77' lang='lat'><em>404</em></span> <span class='ocrx_word' id='word_1_164' title='bbox 230 1350 448 1396; x_wconf 75' lang='lat' dir='ltr'><em>Penfionarius</em></span> <span class='ocrx_word' id='word_1_165' title='bbox 460 1350 496 1382; x_wconf 89' lang='lat' dir='ltr'><em>de</em></span> <span class='ocrx_word' id='word_1_166' title='bbox 508 1346 658 1389; x_wconf 79' lang='lat' dir='ltr'><em>‘Pensioue</em></span> <span class='ocrx_word' id='word_1_167' title='bbox 665 1346 716 1388; x_wconf 90' lang='lat' dir='ltr'><em>dis</em></span> <span class='ocrx_word' id='word_1_168' title='bbox 709 1354 821 1390; x_wconf 87' lang='lat' dir='ltr'><em>ponere</em></span> <span class='ocrx_word' id='word_1_169' title='bbox 829 1345 926 1389; x_wconf 73' lang='lat' dir='ltr'><em>potest</em></span> <span class='ocrx_word' id='word_1_170' title='bbox 940 1369 951 1379; x_wconf 85' lang='lat'>.</span> 
     </span>
    </p>

    <p class='ocr_par' dir='ltr' id='par_1_19' title="bbox 135 1390 971 1450">
     <span class='ocr_line' id='line_1_27' title="bbox 135 1390 971 1450; baseline -0.012 -14"><span class='ocrx_word' id='word_1_171' title='bbox 135 1417 200 1450; x_wconf 82' lang='lat'><em>405</em></span> <span class='ocrx_word' id='word_1_172' title='bbox 230 1401 324 1435; x_wconf 85' lang='lat' dir='ltr'><em>Bulla</em></span> <span class='ocrx_word' id='word_1_173' title='bbox 334 1397 430 1445; x_wconf 87' lang='lat' dir='ltr'><em>Julii</em></span> <span class='ocrx_word' id='word_1_174' title='bbox 441 1398 505 1430; x_wconf 84' lang='grc' dir='ltr'><em>ΙΙΙ.</em></span> <span class='ocrx_word' id='word_1_175' title='bbox 516 1405 574 1428; x_wconf 89' lang='lat' dir='ltr'><em>non</em></span> <span class='ocrx_word' id='word_1_176' title='bbox 587 1395 686 1427; x_wconf 88' lang='lat' dir='ltr'><em>intrat</em></span> <span class='ocrx_word' id='word_1_177' title='bbox 697 1395 731 1426; x_wconf 83' lang='lat' dir='ltr'><em>in</em></span> <span class='ocrx_word' id='word_1_178' title='bbox 743 1390 946 1434; x_wconf 68' lang='lat' dir='ltr'><em>pensionibus</em></span> <span class='ocrx_word' id='word_1_179' title='bbox 959 1415 971 1426; x_wconf 86' lang='lat'><strong>.</strong></span> 
     </span>
    </p>

    <p class='ocr_par' dir='ltr' id='par_1_20' title="bbox 134 1438 929 1496">
     <span class='ocr_line' id='line_1_28' title="bbox 134 1438 929 1496; baseline -0.011 -17"><span class='ocrx_word' id='word_1_180' title='bbox 134 1455 205 1496; x_wconf 80' lang='lat'><em>406</em></span> <span class='ocrx_word' id='word_1_181' title='bbox 227 1446 336 1491; x_wconf 79' lang='lat' dir='ltr'><em>‘Pensio</em></span> <span class='ocrx_word' id='word_1_182' title='bbox 348 1440 555 1485; x_wconf 79' lang='lat' dir='ltr'><em>Ecclesiastica</em></span> <span class='ocrx_word' id='word_1_183' title='bbox 568 1438 607 1481; x_wconf 77' lang='lat' dir='ltr'><em>esi</em></span> <span class='ocrx_word' id='word_1_184' title='bbox 616 1439 681 1473; x_wconf 89' lang='lat' dir='ltr'><em>loco</em></span> <span class='ocrx_word' id='word_1_185' title='bbox 691 1438 910 1473; x_wconf 80' lang='lat' dir='ltr'><em>alimentorum</em></span> <span class='ocrx_word' id='word_1_186' title='bbox 920 1462 929 1471; x_wconf 93' lang='lat'><strong>.</strong></span> 
     </span>
    </p>

    <p class='ocr_par' dir='ltr' id='par_1_21' title="bbox 134 1484 1101 1580">
     <span class='ocr_line' id='line_1_29' title="bbox 134 1484 1100 1544; baseline -0.008 -15"><span class='ocrx_word' id='word_1_187' title='bbox 134 1509 203 1544; x_wconf 85' lang='lat'><em>407</em></span> <span class='ocrx_word' id='word_1_188' title='bbox 228 1490 429 1536; x_wconf 83' lang='lat' dir='ltr'><em>&#39;Pensionario</em></span> <span class='ocrx_word' id='word_1_189' title='bbox 442 1487 583 1529; x_wconf 79' lang='lat' dir='ltr'><em>defuncto</em></span> <span class='ocrx_word' id='word_1_190' title='bbox 608 1485 682 1519; x_wconf 65' lang='lat' dir='ltr'><em>ante*</em></span> <span class='ocrx_word' id='word_1_191' title='bbox 695 1485 871 1518; x_wconf 86' lang='lat' dir='ltr'><em>adventum</em></span> <span class='ocrx_word' id='word_1_192' title='bbox 898 1485 962 1519; x_wconf 90' lang='lat' dir='ltr'><em>diei</em></span> <span class='ocrx_word' id='word_1_193' title='bbox 968 1484 1100 1527; x_wconf 89' lang='lat' dir='ltr'><em>solutio-</em></span> 
     </span>
     <span class='ocr_line' id='line_1_30' title="bbox 276 1529 1101 1580; baseline -0.01 -6"><span class='ocrx_word' id='word_1_194' title='bbox 276 1542 324 1574; x_wconf 90' lang='lat' dir='ltr'><em>nis</em></span> <span class='ocrx_word' id='word_1_195' title='bbox 334 1535 483 1580; x_wconf 64' lang='lat' dir='ltr'><em>visionis,</em></span> <span class='ocrx_word' id='word_1_196' title='bbox 492 1533 580 1567; x_wconf 91' lang='lat' dir='ltr'><em>nulla</em></span> <span class='ocrx_word' id='word_1_197' title='bbox 591 1540 662 1566; x_wconf 87' lang='lat' dir='ltr'><em>rata</em></span> <span class='ocrx_word' id='word_1_198' title='bbox 676 1529 805 1566; x_wconf 87' lang='lat' dir='ltr'><em>debetur</em></span> <span class='ocrx_word' id='word_1_199' title='bbox 816 1531 905 1565; x_wconf 88' lang='lat' dir='ltr'><em>illius</em></span> <span class='ocrx_word' id='word_1_200' title='bbox 916 1531 1101 1568; x_wconf 57' lang='lat' dir='ltr'><em>haeredibus.</em></span> 
     </span>
    </p>

    <p class='ocr_par' dir='ltr' id='par_1_22' title="bbox 133 1578 1098 1669">
     <span class='ocr_line' id='line_1_31' title="bbox 133 1578 1098 1638; baseline -0.007 -18"><span class='ocrx_word' id='word_1_201' title='bbox 133 1594 202 1638; x_wconf 76' lang='lat'><em>408</em></span> <span class='ocrx_word' id='word_1_202' title='bbox 227 1584 446 1629; x_wconf 68' lang='lat' dir='ltr'><em>penfionarius</em></span> <span class='ocrx_word' id='word_1_203' title='bbox 467 1578 675 1621; x_wconf 75' lang='lat' dir='ltr'><em>transmittere</em></span> <span class='ocrx_word' id='word_1_204' title='bbox 701 1579 810 1625; x_wconf 86' lang='lat' dir='ltr'><em>nequit</em></span> <span class='ocrx_word' id='word_1_205' title='bbox 822 1579 991 1614; x_wconf 88' lang='lat' dir='ltr'><em>terminum</em></span> <span class='ocrx_word' id='word_1_206' title='bbox 1015 1591 1098 1617; x_wconf 58' lang='lat' dir='ltr'><em>non„</em></span> 
     </span>
     <span class='ocr_line' id='line_1_32' title="bbox 272 1624 654 1669; baseline -0.024 -1"><span class='ocrx_word' id='word_1_207' title='bbox 272 1636 466 1668; x_wconf 81' lang='lat' dir='ltr'><em>maturatum</em></span> <span class='ocrx_word' id='word_1_208' title='bbox 476 1624 634 1669; x_wconf 78' lang='lat' dir='ltr'><em>Pensionis</em></span> <span class='ocrx_word' id='word_1_209' title='bbox 645 1649 654 1659; x_wconf 90' lang='lat'><strong><em>.</em></strong></span> 
     </span>
    </p>

    <p class='ocr_par' dir='ltr' id='par_1_23' title="bbox 132 1670 930 1729">
     <span class='ocr_line' id='line_1_33' title="bbox 132 1670 930 1729; baseline -0.01 -13"><span class='ocrx_word' id='word_1_210' title='bbox 132 1697 203 1729; x_wconf 85' lang='lat'><em>409</em></span> <span class='ocrx_word' id='word_1_211' title='bbox 228 1679 336 1723; x_wconf 80' lang='lat' dir='ltr'><em>&#39;Pensio</em></span> <span class='ocrx_word' id='word_1_212' title='bbox 349 1687 408 1710; x_wconf 88' lang='lat' dir='ltr'><em>non</em></span> <span class='ocrx_word' id='word_1_213' title='bbox 421 1673 461 1716; x_wconf 76' lang='lat' dir='ltr'><em>est</em></span> <span class='ocrx_word' id='word_1_214' title='bbox 471 1674 512 1707; x_wconf 92' lang='lat' dir='ltr'><em>ad</em></span> <span class='ocrx_word' id='word_1_215' title='bbox 525 1672 657 1707; x_wconf 70' lang='lat' dir='ltr'><em>heredes</em></span> <span class='ocrx_word' id='word_1_216' title='bbox 670 1670 909 1715; x_wconf 82' lang='lat' dir='ltr'><em>transnnffibilis</em></span> <span class='ocrx_word' id='word_1_217' title='bbox 920 1697 930 1708; x_wconf 89' lang='lat'>.</span> 
     </span>
    </p>

    <p class='ocr_par' dir='ltr' id='par_1_24' title="bbox 132 1717 879 1775">
     <span class='ocr_line' id='line_1_34' title="bbox 132 1717 879 1775; baseline -0.015 -12"><span class='ocrx_word' id='word_1_218' title='bbox 132 1743 200 1775; x_wconf 90' lang='lat'><em>410</em></span> <span class='ocrx_word' id='word_1_219' title='bbox 225 1725 332 1770; x_wconf 75' lang='lat' dir='ltr'><em>Penfio</em></span> <span class='ocrx_word' id='word_1_220' title='bbox 344 1723 489 1758; x_wconf 69' lang='lat' dir='ltr'><em>inexatta</em></span> <span class='ocrx_word' id='word_1_221' title='bbox 501 1730 560 1754; x_wconf 91' lang='lat' dir='ltr'><em>non</em></span> <span class='ocrx_word' id='word_1_222' title='bbox 574 1717 859 1761; x_wconf 75' lang='lat' dir='ltr'><em>sittransmiffibilis</em></span> <span class='ocrx_word' id='word_1_223' title='bbox 869 1744 879 1753; x_wconf 89' lang='lat'><em>.</em></span> 
     </span>
    </p>

    <p class='ocr_par' dir='ltr' id='par_1_25' title="bbox 132 1765 1101 1964">
     <span class='ocr_line' id='line_1_35' title="bbox 132 1765 1101 1823; baseline -0.006 -14"><span class='ocrx_word' id='word_1_224' title='bbox 132 1790 173 1823; x_wconf 81' lang='lat'><em>41</em></span> <span class='ocrx_word' id='word_1_225' title='bbox 183 1791 198 1816; x_wconf 89' lang='lat'>1</span> <span class='ocrx_word' id='word_1_226' title='bbox 225 1772 332 1817; x_wconf 77' lang='lat' dir='ltr'><em>:pensio</em></span> <span class='ocrx_word' id='word_1_227' title='bbox 355 1780 395 1804; x_wconf 87' lang='lat' dir='ltr'><em>ex</em></span> <span class='ocrx_word' id='word_1_228' title='bbox 398 1765 562 1812; x_wconf 74' lang='lat' dir='ltr'><em>fructibus</em></span> <span class='ocrx_word' id='word_1_229' title='bbox 573 1767 737 1801; x_wconf 85' lang='lat' dir='ltr'><em>annuatim</em></span> <span class='ocrx_word' id='word_1_230' title='bbox 747 1767 909 1810; x_wconf 87' lang='lat' dir='ltr'><em>productis</em></span> <span class='ocrx_word' id='word_1_231' title='bbox 920 1765 1047 1802; x_wconf 86' lang='lat' dir='ltr'><em>debetur</em></span> <span class='ocrx_word' id='word_1_232' title='bbox 1060 1769 1101 1803; x_wconf 90' lang='lat' dir='ltr'><em>ad</em></span> 
     </span>
     <span class='ocr_line' id='line_1_36' title="bbox 270 1813 1100 1860; baseline -0.004 -8"><span class='ocrx_word' id='word_1_233' title='bbox 270 1828 375 1854; x_wconf 80' lang='lat' dir='ltr'><em>ratam</em></span> <span class='ocrx_word' id='word_1_234' title='bbox 380 1816 548 1860; x_wconf 69' lang='lat' dir='ltr'><em>fruiiuum</em></span> <span class='ocrx_word' id='word_1_235' title='bbox 560 1820 786 1858; x_wconf 88' lang='lat' dir='ltr'><em>perceptorum,</em></span> <span class='ocrx_word' id='word_1_236' title='bbox 800 1824 840 1846; x_wconf 84' lang='lat' dir='ltr'><em>ex</em></span> <span class='ocrx_word' id='word_1_237' title='bbox 849 1813 1011 1855; x_wconf 68' lang='lat' dir='ltr'><em>fruitibus</em></span> <span class='ocrx_word' id='word_1_238' title='bbox 1021 1814 1100 1849; x_wconf 77' lang='lat' dir='ltr'><em>vero</em></span> 
     </span>
     <span class='ocr_line' id='line_1_37' title="bbox 272 1861 1098 1908; baseline -0.008 -5"><span class='ocrx_word' id='word_1_239' title='bbox 272 1866 380 1904; x_wconf 87' lang='lat' dir='ltr'><em>dietim</em></span> <span class='ocrx_word' id='word_1_240' title='bbox 398 1861 558 1908; x_wconf 69' lang='lat' dir='ltr'><em>productis</em></span> <span class='ocrx_word' id='word_1_241' title='bbox 572 1882 583 1897; x_wconf 81' lang='grc'><strong>,</strong></span> <span class='ocrx_word' id='word_1_242' title='bbox 604 1862 645 1894; x_wconf 83' lang='lat' dir='ltr'><em>ad</em></span> <span class='ocrx_word' id='word_1_243' title='bbox 659 1868 763 1895; x_wconf 89' lang='lat' dir='ltr'><em>ratam</em></span> <span class='ocrx_word' id='word_1_244' title='bbox 783 1867 908 1894; x_wconf 88' lang='lat' dir='ltr'><em>tantum</em></span> <span class='ocrx_word' id='word_1_245' title='bbox 927 1863 1074 1908; x_wconf 88' lang='lat' dir='ltr'><em>temporis</em></span> <span class='ocrx_word' id='word_1_246' title='bbox 1087 1886 1098 1904; x_wconf 91' lang='lat'>‚</span> 
     </span>
     <span class='ocr_line' id='line_1_38' title="bbox 269 1906 698 1964; baseline -0.014 -17"><span class='ocrx_word' id='word_1_247' title='bbox 269 1925 333 1964; x_wconf 80' lang='lat' dir='ltr'><em>quo</em></span> <span class='ocrx_word' id='word_1_248' title='bbox 347 1911 440 1944; x_wconf 84' lang='lat' dir='ltr'><em>vixit</em></span> <span class='ocrx_word' id='word_1_249' title='bbox 451 1906 673 1950; x_wconf 79' lang='lat' dir='ltr'><em>Penfionarius</em></span> <span class='ocrx_word' id='word_1_250' title='bbox 687 1931 698 1941; x_wconf 89' lang='lat'><strong>.</strong></span> 
     </span>
    </p>

    <p class='ocr_par' dir='ltr' id='par_1_26' title="bbox 131 1953 765 2013">
     <span class='ocr_line' id='line_1_39' title="bbox 131 1953 765 2013; baseline -0.011 -17"><span class='ocrx_word' id='word_1_251' title='bbox 131 1980 199 2013; x_wconf 79' lang='lat'><em>4¹2</em></span> <span class='ocrx_word' id='word_1_252' title='bbox 222 1959 331 2004; x_wconf 71' lang='lat' dir='ltr'><em>‘pensio</em></span> <span class='ocrx_word' id='word_1_253' title='bbox 346 1968 405 1992; x_wconf 89' lang='lat' dir='ltr'><em>non</em></span> <span class='ocrx_word' id='word_1_254' title='bbox 416 1953 587 1998; x_wconf 66' lang='lat' dir='ltr'><em>esifruiius</em></span> <span class='ocrx_word' id='word_1_255' title='bbox 598 1953 743 2002; x_wconf 75' lang='lat' dir='ltr'><em>Beneficii</em></span> <span class='ocrx_word' id='word_1_256' title='bbox 754 1978 765 1988; x_wconf 83' lang='grc'><strong>.</strong></span> 
     </span>
    </p>

    <p class='ocr_par' dir='ltr' id='par_1_27' title="bbox 132 1999 1096 2093">
     <span class='ocr_line' id='line_1_40' title="bbox 132 1999 1096 2060; baseline -0.007 -14"><span class='ocrx_word' id='word_1_257' title='bbox 132 2027 197 2060; x_wconf 84' lang='lat'><em>413</em></span> <span class='ocrx_word' id='word_1_258' title='bbox 225 2008 416 2049; x_wconf 77' lang='lat' dir='ltr'><em>Declaratur</em></span> <span class='ocrx_word' id='word_1_259' title='bbox 427 2002 525 2036; x_wconf 81' lang='lat' dir='ltr'><em>Rota</em></span> <span class='ocrx_word' id='word_1_260' title='bbox 534 1999 633 2034; x_wconf 74' lang='lat' dir='ltr'><em>decit.</em></span> <span class='ocrx_word' id='word_1_261' title='bbox 649 2011 857 2044; x_wconf 82' lang='lat' dir='ltr'><em>223.num.2.</em></span> <span class='ocrx_word' id='word_1_262' title='bbox 872 2004 904 2036; x_wconf 89' lang='lat'>&amp;</span> <span class='ocrx_word' id='word_1_263' title='bbox 914 2000 1031 2048; x_wconf 83' lang='lat' dir='ltr'><em>decis.3</em></span> <span class='ocrx_word' id='word_1_264' title='bbox 1039 2015 1096 2049; x_wconf 90' lang='lat'><em>29.</em></span> 
     </span>
     <span class='ocr_line' id='line_1_41' title="bbox 272 2046 958 2093; baseline -0.006 -5"><span class='ocrx_word' id='word_1_265' title='bbox 272 2064 399 2093; x_wconf 77' lang='lat' dir='ltr'><em>num-2.</em></span> <span class='ocrx_word' id='word_1_266' title='bbox 409 2059 488 2085; x_wconf 86' lang='lat' dir='ltr'><em>cum</em></span> <span class='ocrx_word' id='word_1_267' title='bbox 500 2046 592 2093; x_wconf 87' lang='lat' dir='ltr'><em>seqq.</em></span> <span class='ocrx_word' id='word_1_268' title='bbox 604 2057 698 2092; x_wconf 85' lang='lat' dir='ltr'><em>parte</em></span> <span class='ocrx_word' id='word_1_269' title='bbox 713 2059 750 2091; x_wconf 85' lang='lat'><em>13</em></span> <span class='ocrx_word' id='word_1_270' title='bbox 768 2048 930 2084; x_wconf 86' lang='lat' dir='ltr'><em>recentior</em></span> <span class='ocrx_word' id='word_1_271' title='bbox 943 2069 958 2076; x_wconf 96' lang='lat'><em>-</em></span> 
     </span>
    </p>

    <p class='ocr_par' dir='ltr' id='par_1_28' title="bbox 132 2094 1096 2153">
     <span class='ocr_line' id='line_1_42' title="bbox 132 2094 1096 2153; baseline -0.008 -14"><span class='ocrx_word' id='word_1_272' title='bbox 132 2120 203 2153; x_wconf 77' lang='lat'><em>414</em></span> <span class='ocrx_word' id='word_1_273' title='bbox 230 2102 395 2149; x_wconf 76' lang='lat' dir='ltr'><em>Refellitur</em></span> <span class='ocrx_word' id='word_1_274' title='bbox 408 2097 502 2132; x_wconf 81' lang='lat' dir='ltr'><em>Rota</em></span> <span class='ocrx_word' id='word_1_275' title='bbox 513 2104 631 2129; x_wconf 85' lang='lat' dir='ltr'><em>coram</em></span> <span class='ocrx_word' id='word_1_276' title='bbox 644 2095 777 2130; x_wconf 84' lang='lat' dir='ltr'><em>Duran.</em></span> <span class='ocrx_word' id='word_1_277' title='bbox 786 2094 1054 2141; x_wconf 79' lang='lat' dir='ltr'><em>dec.448.num.5</em></span> <span class='ocrx_word' id='word_1_278' title='bbox 1063 2101 1096 2135; x_wconf 83' lang='lat'><em>8.</em></span> 
     </span>
    </p>

    <p class='ocr_par' dir='ltr' id='par_1_29' title="bbox 129 2140 1096 2281">
     <span class='ocr_line' id='line_1_43' title="bbox 129 2140 1096 2201; baseline -0.007 -17"><span class='ocrx_word' id='word_1_279' title='bbox 129 2168 197 2201; x_wconf 75' lang='lat'><em>415</em></span> <span class='ocrx_word' id='word_1_280' title='bbox 224 2156 262 2187; x_wconf 82' lang='lat' dir='ltr'><em>In</em></span> <span class='ocrx_word' id='word_1_281' title='bbox 273 2147 424 2194; x_wconf 76' lang='lat' dir='ltr'><em>Hispania</em></span> <span class='ocrx_word' id='word_1_282' title='bbox 446 2143 541 2188; x_wconf 82' lang='lat' dir='ltr'><em>viget</em></span> <span class='ocrx_word' id='word_1_283' title='bbox 554 2140 738 2184; x_wconf 75' lang='lat' dir='ltr'><em>consuetudo</em></span> <span class='ocrx_word' id='word_1_284' title='bbox 756 2142 908 2185; x_wconf 84' lang='lat' dir='ltr'><em>solvendi</em></span> <span class='ocrx_word' id='word_1_285' title='bbox 921 2144 1096 2187; x_wconf 74' lang='lat' dir='ltr'><em>Pensionem</em></span> 
     </span>
     <span class='ocr_line' id='line_1_44' title="bbox 272 2187 1096 2240; baseline -0.008 -7"><span class='ocrx_word' id='word_1_286' title='bbox 272 2191 442 2232; x_wconf 57' lang='lat' dir='ltr'><em>haeredibus</em></span> <span class='ocrx_word' id='word_1_287' title='bbox 452 2187 646 2232; x_wconf 78' lang='lat' dir='ltr'><em>‘Pensionarii</em></span> <span class='ocrx_word' id='word_1_288' title='bbox 654 2198 712 2234; x_wconf 91' lang='lat' dir='ltr'><em>pro</em></span> <span class='ocrx_word' id='word_1_289' title='bbox 724 2199 796 2225; x_wconf 84' lang='lat' dir='ltr'><em>rata</em></span> <span class='ocrx_word' id='word_1_290' title='bbox 811 2191 918 2225; x_wconf 88' lang='lat' dir='ltr'><em>ultimi</em></span> <span class='ocrx_word' id='word_1_291' title='bbox 926 2192 1001 2225; x_wconf 90' lang='lat' dir='ltr'><em>anni</em></span> <span class='ocrx_word' id='word_1_292' title='bbox 1014 2217 1022 2231; x_wconf 93' lang='lat'>,</span> <span class='ocrx_word' id='word_1_293' title='bbox 1035 2203 1096 2240; x_wconf 82' lang='lat' dir='ltr'><em>quo</em></span> 
     </span>
     <span class='ocr_line' id='line_1_45' title="bbox 272 2237 611 2281; baseline -0.006 -10"><span class='ocrx_word' id='word_1_294' title='bbox 272 2243 364 2277; x_wconf 71' lang='lat' dir='ltr'><em>vixit</em></span> <span class='ocrx_word' id='word_1_295' title='bbox 373 2237 591 2281; x_wconf 59' lang='lat' dir='ltr'><em>‘Pensionarius</em></span> <span class='ocrx_word' id='word_1_296' title='bbox 602 2261 611 2270; x_wconf 92' lang='lat'>.</span> 
     </span>
    </p>

    <p class='ocr_par' dir='ltr' id='par_1_30' title="bbox 133 2282 908 2342">
     <span class='ocr_line' id='line_1_46' title="bbox 133 2282 908 2342; baseline -0.015 -10"><span class='ocrx_word' id='word_1_297' title='bbox 133 2297 202 2342; x_wconf 84' lang='lat'><em>416</em></span> <span class='ocrx_word' id='word_1_298' title='bbox 227 2299 265 2329; x_wconf 85' lang='lat' dir='ltr'><em>In</em></span> <span class='ocrx_word' id='word_1_299' title='bbox 275 2287 406 2325; x_wconf 74' lang='lat' dir='ltr'><em>Abulen</em></span> <span class='ocrx_word' id='word_1_300' title='bbox 417 2282 539 2325; x_wconf 76' lang='lat' dir='ltr'><em>Diaecefi</em></span> <span class='ocrx_word' id='word_1_301' title='bbox 546 2282 568 2325; x_wconf 92' lang='lat' dir='ltr'><em>s</em></span> <span class='ocrx_word' id='word_1_302' title='bbox 565 2291 639 2326; x_wconf 87' lang='lat' dir='ltr'><em>uper</em></span> <span class='ocrx_word' id='word_1_303' title='bbox 652 2282 708 2318; x_wconf 81' lang='lat' dir='ltr'><em>hoc</em></span> <span class='ocrx_word' id='word_1_304' title='bbox 717 2285 887 2320; x_wconf 85' lang='lat' dir='ltr'><em>variatum</em></span> <span class='ocrx_word' id='word_1_305' title='bbox 899 2309 908 2319; x_wconf 88' lang='lat'>.</span> 
     </span>
    </p>

    <p class='ocr_par' dir='ltr' id='par_1_31' title="bbox 132 2330 1099 2425">
     <span class='ocr_line' id='line_1_47' title="bbox 132 2330 1099 2388; baseline -0.009 -12"><span class='ocrx_word' id='word_1_306' title='bbox 132 2354 203 2388; x_wconf 80' lang='lat'><em>417</em></span> <span class='ocrx_word' id='word_1_307' title='bbox 229 2344 268 2374; x_wconf 87' lang='lat' dir='ltr'><em>In</em></span> <span class='ocrx_word' id='word_1_308' title='bbox 282 2335 397 2372; x_wconf 76' lang='lat' dir='ltr'><em>Litoris</em></span> <span class='ocrx_word' id='word_1_309' title='bbox 420 2330 644 2371; x_wconf 80' lang='lat' dir='ltr'><em>reservationis</em></span> <span class='ocrx_word' id='word_1_310' title='bbox 671 2331 830 2375; x_wconf 83' lang='lat' dir='ltr'><em>‘Penlionis</em></span> <span class='ocrx_word' id='word_1_311' title='bbox 855 2332 1013 2375; x_wconf 83' lang='lat' dir='ltr'><em>reservari</em></span> <span class='ocrx_word' id='word_1_312' title='bbox 1018 2334 1042 2377; x_wconf 89' lang='lat' dir='ltr'><em>s</em></span> <span class='ocrx_word' id='word_1_313' title='bbox 1038 2334 1099 2370; x_wconf 84' lang='lat' dir='ltr'><em>olet</em></span> 
     </span>
     <span class='ocr_line' id='line_1_48' title="bbox 272 2379 723 2425; baseline -0.011 -9"><span class='ocrx_word' id='word_1_314' title='bbox 272 2381 378 2425; x_wconf 80' lang='lat' dir='ltr'><em>‘Penfio</em></span> <span class='ocrx_word' id='word_1_315' title='bbox 388 2381 420 2414; x_wconf 89' lang='lat' dir='ltr'><em>in</em></span> <span class='ocrx_word' id='word_1_316' title='bbox 431 2384 515 2411; x_wconf 85' lang='lat' dir='ltr'><em>certa</em></span> <span class='ocrx_word' id='word_1_317' title='bbox 525 2379 702 2425; x_wconf 79' lang='lat' dir='ltr'><em>quantitate</em></span> <span class='ocrx_word' id='word_1_318' title='bbox 714 2402 723 2411; x_wconf 90' lang='lat'>.</span> 
     </span>
    </p>

    <p class='ocr_par' dir='ltr' id='par_1_32' title="bbox 134 2425 1097 2516">
     <span class='ocr_line' id='line_1_49' title="bbox 134 2425 1097 2484; baseline -0.015 -14"><span class='ocrx_word' id='word_1_319' title='bbox 134 2449 175 2484; x_wconf 82' lang='lat'><em>41</em></span> <span class='ocrx_word' id='word_1_320' title='bbox 182 2440 201 2472; x_wconf 83' lang='grc'><strong>3</strong></span> <span class='ocrx_word' id='word_1_321' title='bbox 228 2427 424 2475; x_wconf 71' lang='lat' dir='ltr'><em>Pensionario</em></span> <span class='ocrx_word' id='word_1_322' title='bbox 433 2431 554 2457; x_wconf 86' lang='lat' dir='ltr'><em>mortuo</em></span> <span class='ocrx_word' id='word_1_323' title='bbox 563 2447 572 2461; x_wconf 92' lang='lat'>‚</span> <span class='ocrx_word' id='word_1_324' title='bbox 585 2433 637 2466; x_wconf 63' lang='lat' dir='ltr'><em>lus</em></span> <span class='ocrx_word' id='word_1_325' title='bbox 647 2426 792 2469; x_wconf 76' lang='lat' dir='ltr'><em>exigendi</em></span> <span class='ocrx_word' id='word_1_326' title='bbox 803 2425 976 2470; x_wconf 83' lang='lat' dir='ltr'><em>Pensionem</em></span> <span class='ocrx_word' id='word_1_327' title='bbox 990 2429 1097 2465; x_wconf 74' lang='lat' dir='ltr'><em>inexa-</em></span> 
     </span>
     <span class='ocr_line' id='line_1_50' title="bbox 274 2470 1016 2516; baseline -0.013 -6"><span class='ocrx_word' id='word_1_328' title='bbox 274 2481 356 2513; x_wconf 64' lang='lat' dir='ltr'><em>itam</em></span> <span class='ocrx_word' id='word_1_329' title='bbox 368 2470 590 2512; x_wconf 82' lang='lat' dir='ltr'><em>transmittitur</em></span> <span class='ocrx_word' id='word_1_330' title='bbox 602 2472 642 2503; x_wconf 89' lang='lat' dir='ltr'><em>ad</em></span> <span class='ocrx_word' id='word_1_331' title='bbox 656 2470 786 2506; x_wconf 69' lang='lat' dir='ltr'><em>hcet-edes</em></span> <span class='ocrx_word' id='word_1_332' title='bbox 798 2473 993 2516; x_wconf 59' lang='lat' dir='ltr'><em>Pensiongrii</em></span> <span class='ocrx_word' id='word_1_333' title='bbox 1005 2500 1016 2510; x_wconf 73' lang='lat'><em>,</em></span> 
     </span>
    </p>

    <p class='ocr_par' dir='ltr' id='par_1_33' title="bbox 135 2517 942 2575">
     <span class='ocr_line' id='line_1_51' title="bbox 135 2517 942 2575; baseline -0.005 -16"><span class='ocrx_word' id='word_1_334' title='bbox 135 2541 204 2575; x_wconf 82' lang='lat'><em>419</em></span> <span class='ocrx_word' id='word_1_335' title='bbox 228 2524 334 2567; x_wconf 67' lang='lat' dir='ltr'><em>Pensio</em></span> <span class='ocrx_word' id='word_1_336' title='bbox 347 2524 467 2563; x_wconf 79' lang='lat' dir='ltr'><em>intrega</em></span> <span class='ocrx_word' id='word_1_337' title='bbox 478 2517 612 2562; x_wconf 82' lang='lat' dir='ltr'><em>pertinet</em></span> <span class='ocrx_word' id='word_1_338' title='bbox 625 2518 666 2550; x_wconf 90' lang='lat' dir='ltr'><em>ad</em></span> <span class='ocrx_word' id='word_1_339' title='bbox 679 2519 922 2555; x_wconf 86' lang='lat' dir='ltr'><em>translatarium</em></span> <span class='ocrx_word' id='word_1_340' title='bbox 932 2545 942 2554; x_wconf 88' lang='lat'><strong>.</strong></span> 
     </span>
    </p>

    <p class='ocr_par' dir='ltr' id='par_1_34' title="bbox 135 2561 1100 2664">
     <span class='ocr_line' id='line_1_52' title="bbox 135 2561 1100 2622; baseline -0.012 -16"><span class='ocrx_word' id='word_1_341' title='bbox 135 2589 204 2622; x_wconf 76' lang='lat'><em>4²0</em></span> <span class='ocrx_word' id='word_1_342' title='bbox 229 2578 306 2617; x_wconf 67' lang='lat' dir='ltr'><em>Non</em></span> <span class='ocrx_word' id='word_1_343' title='bbox 319 2568 510 2604; x_wconf 82' lang='lat' dir='ltr'><em>dividuntur</em></span> <span class='ocrx_word' id='word_1_344' title='bbox 514 2561 645 2605; x_wconf 65' lang='lat' dir='ltr'><em>fruitus</em></span> <span class='ocrx_word' id='word_1_345' title='bbox 657 2565 736 2599; x_wconf 87' lang='lat' dir='ltr'><em>inter</em></span> <span class='ocrx_word' id='word_1_346' title='bbox 749 2565 963 2612; x_wconf 83' lang='lat' dir='ltr'><em>refignantem‚</em></span> <span class='ocrx_word' id='word_1_347' title='bbox 974 2570 1017 2604; x_wconf 61' lang='grc' dir='ltr'><em>(φ</em></span> <span class='ocrx_word' id='word_1_348' title='bbox 1030 2566 1100 2610; x_wconf 72' lang='lat' dir='ltr'><em>resi-</em></span> 
     </span>
     <span class='ocr_line' id='line_1_53' title="bbox 272 2615 482 2664; baseline -0.043 -12"><span class='ocrx_word' id='word_1_349' title='bbox 272 2615 457 2664; x_wconf 86' lang='lat' dir='ltr'><em>gnatarium</em></span> <span class='ocrx_word' id='word_1_350' title='bbox 471 2633 482 2643; x_wconf 90' lang='lat'><strong>.</strong></span> 
     </span>
    </p>

    <p class='ocr_par' dir='ltr' id='par_1_35' title="bbox 134 2655 805 2715">
     <span class='ocr_line' id='line_1_54' title="bbox 134 2655 805 2715; baseline -0.012 -16"><span class='ocrx_word' id='word_1_351' title='bbox 134 2682 202 2715; x_wconf 88' lang='lat'><em>421</em></span> <span class='ocrx_word' id='word_1_352' title='bbox 231 2663 432 2700; x_wconf 84' lang='lat' dir='ltr'><em>Laudemium</em></span> <span class='ocrx_word' id='word_1_353' title='bbox 445 2655 571 2692; x_wconf 85' lang='lat' dir='ltr'><em>debetur</em></span> <span class='ocrx_word' id='word_1_354' title='bbox 581 2655 784 2701; x_wconf 80' lang='lat' dir='ltr'><em>resignatario</em></span> <span class='ocrx_word' id='word_1_355' title='bbox 796 2685 805 2694; x_wconf 90' lang='lat'><em>.</em></span> 
     </span>
    </p>

    <p class='ocr_par' dir='ltr' id='par_1_36' title="bbox 135 2705 1102 2800">
     <span class='ocr_line' id='line_1_55' title="bbox 135 2705 1102 2763; baseline -0.008 -11"><span class='ocrx_word' id='word_1_356' title='bbox 135 2730 202 2763; x_wconf 81' lang='lat'><em>422</em></span> <span class='ocrx_word' id='word_1_357' title='bbox 227 2709 393 2749; x_wconf 84' lang='lat' dir='ltr'><em>contraria</em></span> <span class='ocrx_word' id='word_1_358' title='bbox 407 2705 509 2751; x_wconf 86' lang='lat' dir='ltr'><em>opinio</em></span> <span class='ocrx_word' id='word_1_359' title='bbox 520 2713 577 2749; x_wconf 86' lang='lat' dir='ltr'><em>pro</em></span> <span class='ocrx_word' id='word_1_360' title='bbox 590 2705 741 2746; x_wconf 82' lang='lat' dir='ltr'><em>divisione</em></span> <span class='ocrx_word' id='word_1_361' title='bbox 746 2708 913 2750; x_wconf 64' lang='lat' dir='ltr'><em>fruetuum</em></span> <span class='ocrx_word' id='word_1_362' title='bbox 923 2711 1102 2755; x_wconf 84' lang='lat' dir='ltr'><em>procederet</em></span> 
     </span>
     <span class='ocr_line' id='line_1_56' title="bbox 275 2751 982 2800; baseline -0.01 -8"><span class='ocrx_word' id='word_1_363' title='bbox 275 2759 308 2792; x_wconf 88' lang='lat' dir='ltr'><em>in</em></span> <span class='ocrx_word' id='word_1_364' title='bbox 323 2751 481 2794; x_wconf 80' lang='lat' dir='ltr'><em>Beneficiis</em></span> <span class='ocrx_word' id='word_1_365' title='bbox 494 2752 617 2785; x_wconf 84' lang='lat' dir='ltr'><em>Curatis</em></span> <span class='ocrx_word' id='word_1_366' title='bbox 630 2774 640 2789; x_wconf 92' lang='lat'>‚</span> <span class='ocrx_word' id='word_1_367' title='bbox 653 2763 711 2786; x_wconf 82' lang='lat' dir='ltr'><em>non</em></span> <span class='ocrx_word' id='word_1_368' title='bbox 725 2755 756 2788; x_wconf 90' lang='lat' dir='ltr'><em>in</em></span> <span class='ocrx_word' id='word_1_369' title='bbox 765 2754 959 2800; x_wconf 77' lang='lat' dir='ltr'><em>fimplicibus</em></span> <span class='ocrx_word' id='word_1_370' title='bbox 972 2780 982 2791; x_wconf 78' lang='grc'><strong><em>.</em></strong></span> 
     </span>
    </p>

    <p class='ocr_par' dir='ltr' id='par_1_37' title="bbox 138 2796 1097 2893">
     <span class='ocr_line' id='line_1_57' title="bbox 138 2796 1097 2854; baseline -0.008 -16"><span class='ocrx_word' id='word_1_371' title='bbox 138 2821 199 2854; x_wconf 79' lang='lat'><em>223</em></span> <span class='ocrx_word' id='word_1_372' title='bbox 230 2802 430 2850; x_wconf 80' lang='lat' dir='ltr'><em>Frequentior</em></span> <span class='ocrx_word' id='word_1_373' title='bbox 440 2796 480 2839; x_wconf 75' lang='lat' dir='ltr'><em>est</em></span> <span class='ocrx_word' id='word_1_374' title='bbox 492 2798 604 2841; x_wconf 80' lang='lat' dir='ltr'><em>opinio,</em></span> <span class='ocrx_word' id='word_1_375' title='bbox 619 2806 655 2831; x_wconf 91' lang='lat' dir='ltr'><em>ut</em></span> <span class='ocrx_word' id='word_1_376' title='bbox 663 2800 915 2845; x_wconf 69' lang='lat' dir='ltr'><em>integrifruc‘tus</em></span> <span class='ocrx_word' id='word_1_377' title='bbox 924 2801 1097 2839; x_wconf 67' lang='lat' dir='ltr'><em>debeantur</em></span> 
     </span>
     <span class='ocr_line' id='line_1_58' title="bbox 274 2846 500 2893; baseline -0.04 -8"><span class='ocrx_word' id='word_1_378' title='bbox 274 2846 476 2893; x_wconf 79' lang='lat' dir='ltr'><em>refignatario</em></span> <span class='ocrx_word' id='word_1_379' title='bbox 490 2867 500 2876; x_wconf 87' lang='lat'><strong>.</strong></span> 
     </span>
    </p>

    <p class='ocr_par' dir='ltr' id='par_1_38' title="bbox 137 2887 928 2947">
     <span class='ocr_line' id='line_1_59' title="bbox 137 2887 928 2947; baseline -0.003 -15"><span class='ocrx_word' id='word_1_380' title='bbox 137 2915 206 2947; x_wconf 77' lang='lat'><em>424</em></span> <span class='ocrx_word' id='word_1_381' title='bbox 231 2895 412 2932; x_wconf 83' lang='lat' dir='ltr'><em>Communis</em></span> <span class='ocrx_word' id='word_1_382' title='bbox 421 2891 523 2937; x_wconf 85' lang='lat' dir='ltr'><em>opinio</em></span> <span class='ocrx_word' id='word_1_383' title='bbox 535 2887 594 2943; x_wconf 70' lang='lat' dir='ltr'><em>siat</em></span> <span class='ocrx_word' id='word_1_384' title='bbox 606 2899 711 2926; x_wconf 87' lang='lat' dir='ltr'><em>contra</em></span> <span class='ocrx_word' id='word_1_385' title='bbox 725 2894 906 2938; x_wconf 75' lang='lat' dir='ltr'><em>divisionem</em></span> <span class='ocrx_word' id='word_1_386' title='bbox 918 2920 928 2930; x_wconf 93' lang='lat'><strong>.</strong></span> 
     </span>
    </p>

    <p class='ocr_par' dir='ltr' id='par_1_39' title="bbox 139 2938 1102 2994">
     <span class='ocr_line' id='line_1_60' title="bbox 139 2938 1102 2994; baseline -0.001 -15"><span class='ocrx_word' id='word_1_387' title='bbox 139 2962 202 2994; x_wconf 70' lang='lat'><em>425</em></span> <span class='ocrx_word' id='word_1_388' title='bbox 233 2941 357 2985; x_wconf 77' lang='lat' dir='ltr'><em>Divisio</em></span> <span class='ocrx_word' id='word_1_389' title='bbox 363 2939 529 2989; x_wconf 47' lang='lat' dir='ltr'><em>fruguum</em></span> <span class='ocrx_word' id='word_1_390' title='bbox 541 2945 640 2988; x_wconf 68' lang='lat' dir='ltr'><em>intrat</em></span> <span class='ocrx_word' id='word_1_391' title='bbox 662 2939 693 2971; x_wconf 89' lang='lat' dir='ltr'><em>in</em></span> <span class='ocrx_word' id='word_1_392' title='bbox 705 2943 873 2975; x_wconf 85' lang='lat' dir='ltr'><em>vacatione</em></span> <span class='ocrx_word' id='word_1_393' title='bbox 885 2951 940 2986; x_wconf 82' lang='lat' dir='ltr'><em>per</em></span> <span class='ocrx_word' id='word_1_394' title='bbox 953 2942 1074 2978; x_wconf 82' lang='lat' dir='ltr'><em>obitum</em></span> <span class='ocrx_word' id='word_1_395' title='bbox 1088 2938 1102 2978; x_wconf 54' lang='grc'><em>.’</em></span> 
     </span>
    </p>

    <p class='ocr_par' dir='ltr' id='par_1_40' title="bbox 140 2986 1099 3082">
     <span class='ocr_line' id='line_1_61' title="bbox 140 2986 1098 3040; baseline -0.002 -14"><span class='ocrx_word' id='word_1_396' title='bbox 140 2999 207 3040; x_wconf 61' lang='lat'><em>426</em></span> <span class='ocrx_word' id='word_1_397' title='bbox 233 2988 358 3031; x_wconf 82' lang='lat' dir='ltr'><em>Divisio</em></span> <span class='ocrx_word' id='word_1_398' title='bbox 375 2986 416 3020; x_wconf 84' lang='lat' dir='ltr'><em>ad</em></span> <span class='ocrx_word' id='word_1_399' title='bbox 431 2987 587 3034; x_wconf 80' lang='lat' dir='ltr'><em>summum</em></span> <span class='ocrx_word' id='word_1_400' title='bbox 605 2991 703 3017; x_wconf 80' lang='lat' dir='ltr'><em>tntrat</em></span> <span class='ocrx_word' id='word_1_401' title='bbox 722 2986 918 3027; x_wconf 63' lang='lat' dir='ltr'><em>infruiiibus</em></span> <span class='ocrx_word' id='word_1_402' title='bbox 943 2989 1098 3024; x_wconf 76' lang='lat' dir='ltr'><em>civilibus</em></span> 
     </span>
     <span class='ocr_line' id='line_1_62' title="bbox 278 3028 1099 3082; baseline -0.012 -12"><span class='ocrx_word' id='word_1_403' title='bbox 278 3036 384 3069; x_wconf 86' lang='lat' dir='ltr'><em>dietim</em></span> <span class='ocrx_word' id='word_1_404' title='bbox 391 3031 509 3078; x_wconf 87' lang='lat' dir='ltr'><em>percipi</em></span> <span class='ocrx_word' id='word_1_405' title='bbox 515 3028 539 3070; x_wconf 96' lang='lat' dir='ltr'><em>s</em></span> <span class='ocrx_word' id='word_1_406' title='bbox 535 3029 619 3062; x_wconf 68' lang='lat' dir='ltr'><em>olitis</em></span> <span class='ocrx_word' id='word_1_407' title='bbox 630 3052 639 3067; x_wconf 89' lang='lat'><em>‚</em></span> <span class='ocrx_word' id='word_1_408' title='bbox 652 3030 710 3064; x_wconf 83' lang='lat' dir='ltr'><em>vel</em></span> <span class='ocrx_word' id='word_1_409' title='bbox 718 3033 751 3063; x_wconf 88' lang='lat' dir='ltr'><em>in</em></span> <span class='ocrx_word' id='word_1_410' title='bbox 756 3032 916 3073; x_wconf 62' lang='lat' dir='ltr'><em>fructibus</em></span> <span class='ocrx_word' id='word_1_411' title='bbox 925 3039 1077 3082; x_wconf 61' lang='lat' dir='ltr'><em>perceptis</em></span> <span class='ocrx_word' id='word_1_412' title='bbox 1088 3062 1099 3071; x_wconf 68' lang='lat'><em>,</em></span> 
     </span>
    </p>

    <p class='ocr_par' dir='ltr' id='par_1_41' title="bbox 137 3077 1040 3131">
     <span class='ocr_line' id='line_1_63' title="bbox 137 3077 1040 3131; baseline -0.007 -13"><span class='ocrx_word' id='word_1_413' title='bbox 137 3100 203 3131; x_wconf 80' lang='lat'><em>427</em></span> <span class='ocrx_word' id='word_1_414' title='bbox 232 3082 324 3117; x_wconf 83' lang='lat' dir='ltr'><em>Bulla</em></span> <span class='ocrx_word' id='word_1_415' title='bbox 338 3079 433 3125; x_wconf 71' lang='lat' dir='ltr'><em>Julii</em></span> <span class='ocrx_word' id='word_1_416' title='bbox 445 3077 498 3110; x_wconf 87' lang='lat' dir='ltr'><em>III</em></span> <span class='ocrx_word' id='word_1_417' title='bbox 500 3099 509 3109; x_wconf 85' lang='lat'><strong>·</strong></span> <span class='ocrx_word' id='word_1_418' title='bbox 522 3087 582 3110; x_wconf 81' lang='lat' dir='ltr'><em>noa</em></span> <span class='ocrx_word' id='word_1_419' title='bbox 594 3078 775 3111; x_wconf 83' lang='lat' dir='ltr'><em>extenditur</em></span> <span class='ocrx_word' id='word_1_420' title='bbox 788 3080 828 3111; x_wconf 88' lang='lat' dir='ltr'><em>ad</em></span> <span class='ocrx_word' id='word_1_421' title='bbox 840 3081 919 3114; x_wconf 80' lang='lat' dir='ltr'><em>alios</em></span> <span class='ocrx_word' id='word_1_422' title='bbox 930 3082 1020 3123; x_wconf 78' lang='lat' dir='ltr'><em>casus</em></span> <span class='ocrx_word' id='word_1_423' title='bbox 1031 3107 1040 3116; x_wconf 88' lang='lat'><strong>.</strong></span> 
     </span>
    </p>

    <p class='ocr_par' dir='ltr' id='par_1_42' title="bbox 137 3123 1099 3257">
     <span class='ocr_line' id='line_1_64' title="bbox 137 3123 1099 3180; baseline -0.011 -17"><span class='ocrx_word' id='word_1_424' title='bbox 137 3138 205 3180; x_wconf 77' lang='lat'><em>423</em></span> <span class='ocrx_word' id='word_1_425' title='bbox 231 3130 363 3162; x_wconf 69' lang='lat' dir='ltr'><em>fruitus</em></span> <span class='ocrx_word' id='word_1_426' title='bbox 376 3123 492 3160; x_wconf 84' lang='lat' dir='ltr'><em>civiles</em></span> <span class='ocrx_word' id='word_1_427' title='bbox 503 3145 514 3161; x_wconf 88' lang='lat'>,</span> <span class='ocrx_word' id='word_1_428' title='bbox 537 3132 672 3166; x_wconf 87' lang='lat' dir='ltr'><em>quorum</em></span> <span class='ocrx_word' id='word_1_429' title='bbox 682 3124 718 3157; x_wconf 80' lang='lat' dir='ltr'><em>do</em></span> <span class='ocrx_word' id='word_1_430' title='bbox 727 3131 864 3168; x_wconf 83' lang='lat' dir='ltr'><em>tempore</em></span> <span class='ocrx_word' id='word_1_431' title='bbox 885 3127 1099 3171; x_wconf 60' lang='lat' dir='ltr'><em>resignationis</em></span> 
     </span>
     <span class='ocr_line' id='line_1_65' title="bbox 280 3169 1099 3220; baseline -0.005 -13"><span class='ocrx_word' id='word_1_432' title='bbox 280 3173 380 3207; x_wconf 69' lang='lat' dir='ltr'><em>adbuc</em></span> <span class='ocrx_word' id='word_1_433' title='bbox 394 3174 458 3206; x_wconf 90' lang='lat' dir='ltr'><em>dies</em></span> <span class='ocrx_word' id='word_1_434' title='bbox 467 3180 527 3204; x_wconf 88' lang='lat' dir='ltr'><em>non</em></span> <span class='ocrx_word' id='word_1_435' title='bbox 540 3177 674 3203; x_wconf 81' lang='lat' dir='ltr'><em>venerat</em></span> <span class='ocrx_word' id='word_1_436' title='bbox 684 3192 695 3208; x_wconf 90' lang='lat'><strong>,</strong></span> <span class='ocrx_word' id='word_1_437' title='bbox 702 3169 727 3212; x_wconf 90' lang='lat' dir='ltr'><em>s</em></span> <span class='ocrx_word' id='word_1_438' title='bbox 719 3172 844 3215; x_wconf 74' lang='lat' dir='ltr'><em>pettam</em></span> <span class='ocrx_word' id='word_1_439' title='bbox 854 3174 894 3206; x_wconf 92' lang='lat' dir='ltr'><em>ad</em></span> <span class='ocrx_word' id='word_1_440' title='bbox 904 3173 1099 3220; x_wconf 66' lang='lat' dir='ltr'><em>l&#39;ucceJJbrem</em></span> 
     </span>
     <span class='ocr_line' id='line_1_66' title="bbox 280 3216 495 3257; baseline -0.019 -3"><span class='ocrx_word' id='word_1_441' title='bbox 280 3221 311 3254; x_wconf 80' lang='lat' dir='ltr'><em>in</em></span> <span class='ocrx_word' id='word_1_442' title='bbox 325 3216 471 3257; x_wconf 77' lang='lat' dir='ltr'><em>Beneficio</em></span> <span class='ocrx_word' id='word_1_443' title='bbox 485 3240 495 3249; x_wconf 84' lang='lat'><strong>.</strong></span> 
     </span>
    </p>

    <p class='ocr_par' dir='ltr' id='par_1_43' title="bbox 139 3261 1098 3346">
     <span class='ocr_line' id='line_1_67' title="bbox 139 3261 1098 3318; baseline -0.004 -18"><span class='ocrx_word' id='word_1_444' title='bbox 139 3286 181 3317; x_wconf 80' lang='lat'><em>42</em></span> <span class='ocrx_word' id='word_1_445' title='bbox 186 3286 208 3318; x_wconf 90' lang='lat'><em>9</em></span> <span class='ocrx_word' id='word_1_446' title='bbox 234 3264 326 3301; x_wconf 61' lang='lat' dir='ltr'><em>Ante*</em></span> <span class='ocrx_word' id='word_1_447' title='bbox 345 3261 504 3306; x_wconf 68' lang='lat' dir='ltr'><em>admissam</em></span> <span class='ocrx_word' id='word_1_448' title='bbox 528 3261 762 3308; x_wconf 74' lang='lat' dir='ltr'><em>resignationem</em></span> <span class='ocrx_word' id='word_1_449' title='bbox 771 3262 957 3306; x_wconf 86' lang='lat' dir='ltr'><em>Beneficium</em></span> <span class='ocrx_word' id='word_1_450' title='bbox 981 3278 1040 3302; x_wconf 91' lang='lat' dir='ltr'><em>non</em></span> <span class='ocrx_word' id='word_1_451' title='bbox 1050 3269 1098 3303; x_wconf 77' lang='lat' dir='ltr'><em>di.</em></span> 
     </span>
     <span class='ocr_line' id='line_1_68' title="bbox 279 3319 677 3346; baseline -0.023 0"><span class='ocrx_word' id='word_1_452' title='bbox 279 3320 363 3346; x_wconf 77' lang='lat' dir='ltr'><em>citur</em></span> <span class='ocrx_word' id='word_1_453' title='bbox 376 3319 497 3342; x_wconf 81' lang='lat' dir='ltr'><em>vacare</em></span> <span class='ocrx_word' id='word_1_454' title='bbox 511 3331 522 3341; x_wconf 87' lang='lat'><strong>.</strong></span> <span class='ocrx_word' id='word_1_455' title='bbox 674 3324 677 3325; x_wconf 31' lang='grc' dir='ltr'><em>ν</em></span> 
     </span>
    </p>

    <p class='ocr_par' dir='ltr' id='par_1_44' title="bbox 134 3354 1103 3410">
     <span class='ocr_line' id='line_1_69' title="bbox 134 3354 1103 3410; baseline 0.001 -17"><span class='ocrx_word' id='word_1_456' title='bbox 134 3378 204 3410; x_wconf 82' lang='lat'><em>430</em></span> <span class='ocrx_word' id='word_1_457' title='bbox 244 3360 340 3394; x_wconf 74' lang='lat' dir='ltr'><em>Fatta</em></span> <span class='ocrx_word' id='word_1_458' title='bbox 351 3354 552 3400; x_wconf 72' lang='lat' dir='ltr'><em>resignatione</em></span> <span class='ocrx_word' id='word_1_459' title='bbox 563 3357 603 3390; x_wconf 84' lang='lat' dir='ltr'><em>ad</em></span> <span class='ocrx_word' id='word_1_460' title='bbox 608 3355 759 3399; x_wconf 83' lang='lat' dir='ltr'><em>favorem</em></span> <span class='ocrx_word' id='word_1_461' title='bbox 767 3365 857 3396; x_wconf 83' lang='lat' dir='ltr'><em>certae</em></span> <span class='ocrx_word' id='word_1_462' title='bbox 864 3359 997 3406; x_wconf 73' lang='lat' dir='ltr'><em>persona</em></span> <span class='ocrx_word' id='word_1_463' title='bbox 1006 3383 1016 3400; x_wconf 86' lang='lat'>‚</span> <span class='ocrx_word' id='word_1_464' title='bbox 1027 3367 1103 3395; x_wconf 90' lang='lat' dir='ltr'><em>tunc</em></span> 
     </span>
    </p>
   </div>
   <div class='ocr_carea' id='block_1_4' title="bbox 708 105 1579 193">
    <p class='ocr_par' dir='ltr' id='par_1_45' title="bbox 708 105 1579 193">
     <span class='ocr_line' id='line_1_70' title="bbox 708 105 1579 193; baseline -0.002 -20"><span class='ocrx_word' id='word_1_465' title='bbox 708 107 963 179; x_wconf 79' lang='lat' dir='ltr'><em>Joannis</em></span> <span class='ocrx_word' id='word_1_466' title='bbox 996 109 1208 193; x_wconf 89' lang='lat' dir='ltr'><em>Lopez</em></span> <span class='ocrx_word' id='word_1_467' title='bbox 1238 105 1320 172; x_wconf 85' lang='lat' dir='ltr'><em>de</em></span> <span class='ocrx_word' id='word_1_468' title='bbox 1340 110 1579 178; x_wconf 87' lang='lat' dir='ltr'><em>Leone,</em></span> 
     </span>
    </p>
   </div>
   <div class='ocr_carea' id='block_1_5' title="bbox 1152 214 2148 3077">
    <p class='ocr_par' dir='ltr' id='par_1_46' title="bbox 1152 214 2148 3077">
     <span class='ocr_line' id='line_1_71' title="bbox 1301 214 2140 266; baseline -0.011 -10"><span class='ocrx_word' id='word_1_469' title='bbox 1301 221 1432 266; x_wconf 65' lang='lat' dir='ltr'><em>fruetus</em></span> <span class='ocrx_word' id='word_1_470' title='bbox 1442 222 1482 255; x_wconf 88' lang='lat' dir='ltr'><em>ad</em></span> <span class='ocrx_word' id='word_1_471' title='bbox 1502 216 1854 264; x_wconf 64' lang='lat' dir='ltr'><em>resignantemspcitant</em></span> <span class='ocrx_word' id='word_1_472' title='bbox 1867 214 1964 263; x_wconf 81' lang='lat' dir='ltr'><em>usque</em></span> <span class='ocrx_word' id='word_1_473' title='bbox 1983 214 2025 251; x_wconf 87' lang='lat' dir='ltr'><em>ad</em></span> <span class='ocrx_word' id='word_1_474' title='bbox 2037 214 2140 254; x_wconf 76' lang='lat' dir='ltr'><em>diem..-</em></span> 
     </span>
     <span class='ocr_line' id='line_1_72' title="bbox 1307 266 1724 314; baseline -0.014 -11"><span class='ocrx_word' id='word_1_475' title='bbox 1307 266 1487 314; x_wconf 76' lang='lat' dir='ltr'><em>poffeffionis</em></span> <span class='ocrx_word' id='word_1_476' title='bbox 1501 266 1699 312; x_wconf 83' lang='lat' dir='ltr'><em>refignatarii</em></span> <span class='ocrx_word' id='word_1_477' title='bbox 1715 290 1724 298; x_wconf 92' lang='lat'><strong>.</strong></span> 
     </span>
     <span class='ocr_line' id='line_1_73' title="bbox 1165 309 2142 361; baseline -0.01 -10"><span class='ocrx_word' id='word_1_478' title='bbox 1165 325 1231 360; x_wconf 83' lang='lat'><em>431</em></span> <span class='ocrx_word' id='word_1_479' title='bbox 1262 315 1431 361; x_wconf 72' lang='lat' dir='ltr'><em>Refignans</em></span> <span class='ocrx_word' id='word_1_480' title='bbox 1451 312 1512 360; x_wconf 84' lang='lat' dir='ltr'><em>fibi</em></span> <span class='ocrx_word' id='word_1_481' title='bbox 1521 312 1692 360; x_wconf 84' lang='lat' dir='ltr'><em>prospicere</em></span> <span class='ocrx_word' id='word_1_482' title='bbox 1699 310 1779 355; x_wconf 81' lang='lat' dir='ltr'><em>solet</em></span> <span class='ocrx_word' id='word_1_483' title='bbox 1792 336 1802 352; x_wconf 87' lang='lat'><strong>,</strong></span> <span class='ocrx_word' id='word_1_484' title='bbox 1822 309 1884 355; x_wconf 86' lang='lat' dir='ltr'><em>sibi</em></span> <span class='ocrx_word' id='word_1_485' title='bbox 1892 310 2020 356; x_wconf 75' lang='lat' dir='ltr'><em>srut&#39;lus</em></span> <span class='ocrx_word' id='word_1_486' title='bbox 2041 319 2078 343; x_wconf 82' lang='lat' dir='ltr'><em>re</em></span> <span class='ocrx_word' id='word_1_487' title='bbox 2093 317 2142 341; x_wconf 89' lang='lat' dir='ltr'><em>er-</em></span> 
     </span>
     <span class='ocr_line' id='line_1_74' title="bbox 1298 364 1439 397; baseline 0 -1"><span class='ocrx_word' id='word_1_488' title='bbox 1298 364 1407 397; x_wconf 86' lang='lat' dir='ltr'><em>vando</em></span> <span class='ocrx_word' id='word_1_489' title='bbox 1428 386 1439 396; x_wconf 87' lang='lat'><strong>.</strong></span> 
     </span>
     <span class='ocr_line' id='line_1_75' title="bbox 1152 400 2137 491; baseline -0.007 -48"><span class='ocrx_word' id='word_1_490' title='bbox 1152 420 1194 452; x_wconf 88' lang='lat'><em>43</em></span> <span class='ocrx_word' id='word_1_491' title='bbox 1203 421 1220 443; x_wconf 83' lang='lat'><em>2</em></span> <span class='ocrx_word' id='word_1_492' title='bbox 1246 408 1422 491; x_wconf 61' lang='lat' dir='ltr'><em>Rosigpatio</em></span> <span class='ocrx_word' id='word_1_493' title='bbox 1431 408 1469 445; x_wconf 93' lang='lat' dir='ltr'><em>ob</em></span> <span class='ocrx_word' id='word_1_494' title='bbox 1478 407 1718 457; x_wconf 79' lang='lat' dir='ltr'><em>incapacitatem</em></span> <span class='ocrx_word' id='word_1_495' title='bbox 1729 404 1927 452; x_wconf 82' lang='lat' dir='ltr'><em>resignatarii</em></span> <span class='ocrx_word' id='word_1_496' title='bbox 1939 416 1998 441; x_wconf 91' lang='lat' dir='ltr'><em>non</em></span> <span class='ocrx_word' id='word_1_497' title='bbox 2007 400 2137 440; x_wconf 80' lang='lat' dir='ltr'><em>admitti</em></span> 
     </span>
     <span class='ocr_line' id='line_1_76' title="bbox 1317 465 1403 492; baseline -0.012 0"><span class='ocrx_word' id='word_1_498' title='bbox 1317 470 1332 492; x_wconf 95' lang='lat' dir='ltr'><em>o</em></span> <span class='ocrx_word' id='word_1_499' title='bbox 1348 465 1377 491; x_wconf 90' lang='lat' dir='ltr'><em>et</em></span> <span class='ocrx_word' id='word_1_500' title='bbox 1394 482 1403 491; x_wconf 94' lang='lat'><strong>.</strong></span> 
     </span>
     <span class='ocr_line' id='line_1_77' title="bbox 1161 457 2143 584; baseline -0.008 -46"><span class='ocrx_word' id='word_1_501' title='bbox 1161 513 1202 547; x_wconf 87' lang='lat'><em>43</em></span> <span class='ocrx_word' id='word_1_502' title='bbox 1210 514 1226 547; x_wconf 88' lang='lat'><em>3</em></span> <span class='ocrx_word' id='word_1_503' title='bbox 1254 457 1425 584; x_wconf 45' lang='lat' dir='ltr'><em>Resignans</em></span> <span class='ocrx_word' id='word_1_504' title='bbox 1432 501 1616 550; x_wconf 75' lang='lat' dir='ltr'><em>fimpIIcitcr</em></span> <span class='ocrx_word' id='word_1_505' title='bbox 1626 525 1636 542; x_wconf 86' lang='lat'><strong>,</strong></span> <span class='ocrx_word' id='word_1_506' title='bbox 1649 499 1739 549; x_wconf 85' lang='lat' dir='ltr'><em>potesl</em></span> <span class='ocrx_word' id='word_1_507' title='bbox 1758 508 1812 548; x_wconf 89' lang='lat' dir='ltr'><em>per</em></span> <span class='ocrx_word' id='word_1_508' title='bbox 1823 496 2019 547; x_wconf 64' lang='lat' dir='ltr'><em>pabiumsibi</em></span> <span class='ocrx_word' id='word_1_509' title='bbox 2028 487 2143 545; x_wconf 74' lang='lat' dir='ltr'><em>provi-</em></span> 
     </span>
     <span class='ocr_line' id='line_1_78' title="bbox 1306 562 1398 584; baseline -0.011 0"><span class='ocrx_word' id='word_1_510' title='bbox 1306 566 1316 584; x_wconf 81' lang='grc' dir='ltr'>ι</span> <span class='ocrx_word' id='word_1_511' title='bbox 1328 562 1377 584; x_wconf 81' lang='lat' dir='ltr'><em>cre</em></span> <span class='ocrx_word' id='word_1_512' title='bbox 1388 574 1398 584; x_wconf 91' lang='lat'>.</span> 
     </span>
     <span class='ocr_line' id='line_1_79' title="bbox 1165 590 2148 642; baseline -0.007 -11"><span class='ocrx_word' id='word_1_513' title='bbox 1165 607 1236 640; x_wconf 77' lang='lat'><em>434</em></span> <span class='ocrx_word' id='word_1_514' title='bbox 1259 599 1397 631; x_wconf 68' lang='lat' dir='ltr'><em>Fructus</em></span> <span class='ocrx_word' id='word_1_515' title='bbox 1410 594 1555 638; x_wconf 87' lang='lat' dir='ltr'><em>Beneficii</em></span> <span class='ocrx_word' id='word_1_516' title='bbox 1569 619 1578 634; x_wconf 85' lang='lat'><em>‚</em></span> <span class='ocrx_word' id='word_1_517' title='bbox 1603 595 1721 640; x_wconf 78' lang='lat' dir='ltr'><em>etiamsi</em></span> <span class='ocrx_word' id='word_1_518' title='bbox 1729 594 1792 639; x_wconf 78' lang='lat' dir='ltr'><em>sint</em></span> <span class='ocrx_word' id='word_1_519' title='bbox 1804 595 1946 642; x_wconf 82' lang='lat' dir='ltr'><em>proximi</em></span> <span class='ocrx_word' id='word_1_520' title='bbox 1955 590 2148 629; x_wconf 66' lang='lat' dir='ltr'><em>recollectio-</em></span> 
     </span>
     <span class='ocr_line' id='line_1_80' title="bbox 1305 640 1877 690; baseline 0.002 -14"><span class='ocrx_word' id='word_1_521' title='bbox 1305 644 1338 676; x_wconf 89' lang='lat' dir='ltr'><em>ni</em></span> <span class='ocrx_word' id='word_1_522' title='bbox 1351 666 1361 681; x_wconf 92' lang='lat'>,</span> <span class='ocrx_word' id='word_1_523' title='bbox 1374 641 1485 679; x_wconf 73' lang='lat' dir='ltr'><em>,adhuc</em></span> <span class='ocrx_word' id='word_1_524' title='bbox 1496 640 1645 677; x_wconf 89' lang='lat' dir='ltr'><em>debentur</em></span> <span class='ocrx_word' id='word_1_525' title='bbox 1655 644 1857 690; x_wconf 79' lang='lat' dir='ltr'><em>resignatario</em></span> <span class='ocrx_word' id='word_1_526' title='bbox 1867 666 1877 676; x_wconf 88' lang='lat'><strong>.</strong></span> 
     </span>
     <span class='ocr_line' id='line_1_81' title="bbox 1162 686 2142 736; baseline -0.006 -12"><span class='ocrx_word' id='word_1_527' title='bbox 1162 700 1228 734; x_wconf 79' lang='lat'><em>435</em></span> <span class='ocrx_word' id='word_1_528' title='bbox 1258 692 1404 736; x_wconf 85' lang='lat' dir='ltr'><em>Tempore</em></span> <span class='ocrx_word' id='word_1_529' title='bbox 1416 687 1632 733; x_wconf 79' lang='lat' dir='ltr'><em>resignationis</em></span> <span class='ocrx_word' id='word_1_530' title='bbox 1657 688 1714 724; x_wconf 81' lang='lat' dir='ltr'><em>&#39;am</em></span> <span class='ocrx_word' id='word_1_531' title='bbox 1727 692 1886 725; x_wconf 69' lang='lat' dir='ltr'><em>contracta</em></span> <span class='ocrx_word' id='word_1_532' title='bbox 1909 687 1950 732; x_wconf 78' lang='lat' dir='ltr'><em>esi</em></span> <span class='ocrx_word' id='word_1_533' title='bbox 1961 686 2115 733; x_wconf 82' lang='lat' dir='ltr'><em>obligatio</em></span> <span class='ocrx_word' id='word_1_534' title='bbox 2129 706 2142 718; x_wconf 81' lang='lat'><strong>.</strong></span> 
     </span>
     <span class='ocr_line' id='line_1_82' title="bbox 1160 734 2134 784; baseline -0.004 -14"><span class='ocrx_word' id='word_1_535' title='bbox 1160 747 1184 780; x_wconf 84' lang='grc'><em>4</em></span> <span class='ocrx_word' id='word_1_536' title='bbox 1189 747 1202 779; x_wconf 87' lang='lat'><em>3</em></span> <span class='ocrx_word' id='word_1_537' title='bbox 1211 740 1232 770; x_wconf 91' lang='lat'><em>6</em></span> <span class='ocrx_word' id='word_1_538' title='bbox 1258 740 1386 771; x_wconf 86' lang='lat' dir='ltr'><em>Statuta</em></span> <span class='ocrx_word' id='word_1_539' title='bbox 1408 737 1499 770; x_wconf 84' lang='lat' dir='ltr'><em>Eccle</em></span> <span class='ocrx_word' id='word_1_540' title='bbox 1510 746 1615 770; x_wconf 86' lang='lat' dir='ltr'><em>tarum</em></span> <span class='ocrx_word' id='word_1_541' title='bbox 1647 738 1791 773; x_wconf 88' lang='lat' dir='ltr'><em>ervanda</em></span> <span class='ocrx_word' id='word_1_542' title='bbox 1809 736 1884 780; x_wconf 87' lang='lat' dir='ltr'><em>sunt</em></span> <span class='ocrx_word' id='word_1_543' title='bbox 1894 744 1953 784; x_wconf 89' lang='lat' dir='ltr'><em>pro</em></span> <span class='ocrx_word' id='word_1_544' title='bbox 1966 737 2006 770; x_wconf 86' lang='lat' dir='ltr'><em>ad</em></span> <span class='ocrx_word' id='word_1_545' title='bbox 2007 734 2134 781; x_wconf 77' lang='lat' dir='ltr'><em>judica·</em></span> 
     </span>
     <span class='ocr_line' id='line_1_83' title="bbox 1303 782 1591 827; baseline -0.01 -9"><span class='ocrx_word' id='word_1_546' title='bbox 1303 785 1384 818; x_wconf 88' lang='lat' dir='ltr'><em>tione</em></span> <span class='ocrx_word' id='word_1_547' title='bbox 1396 782 1567 827; x_wconf 71' lang='lat' dir='ltr'><em>fruiiuum</em></span> <span class='ocrx_word' id='word_1_548' title='bbox 1581 805 1591 815; x_wconf 91' lang='lat'>.</span> 
     </span>
     <span class='ocr_line' id='line_1_84' title="bbox 1161 827 2140 875; baseline -0.001 -10"><span class='ocrx_word' id='word_1_549' title='bbox 1161 840 1233 875; x_wconf 88' lang='lat'><em>437</em></span> <span class='ocrx_word' id='word_1_550' title='bbox 1258 834 1299 865; x_wconf 81' lang='lat' dir='ltr'><em>Et</em></span> <span class='ocrx_word' id='word_1_551' title='bbox 1312 832 1451 865; x_wconf 84' lang='lat' dir='ltr'><em>Statutis</em></span> <span class='ocrx_word' id='word_1_552' title='bbox 1473 827 1682 871; x_wconf 83' lang='lat' dir='ltr'><em>Ecclesiarum</em></span> <span class='ocrx_word' id='word_1_553' title='bbox 1694 830 1817 866; x_wconf 83' lang='lat' dir='ltr'><em>Feltren</em></span> <span class='ocrx_word' id='word_1_554' title='bbox 1829 854 1840 869; x_wconf 88' lang='lat'><strong>,</strong></span> <span class='ocrx_word' id='word_1_555' title='bbox 1869 831 2046 865; x_wconf 82' lang='lat' dir='ltr'><em>&#39;Patavinae</em></span> <span class='ocrx_word' id='word_1_556' title='bbox 2059 854 2069 868; x_wconf 92' lang='lat'><strong>,</strong></span> <span class='ocrx_word' id='word_1_557' title='bbox 2094 829 2140 864; x_wconf 64' lang='grc' dir='ltr'><em>ό·</em></span> 
     </span>
     <span class='ocr_line' id='line_1_85' title="bbox 1303 875 2142 924; baseline -0.004 -12"><span class='ocrx_word' id='word_1_558' title='bbox 1303 875 1470 924; x_wconf 58' lang='lat' dir='ltr'><em>Aquileia</em></span> <span class='ocrx_word' id='word_1_559' title='bbox 1502 877 1694 911; x_wconf 85' lang='lat' dir='ltr'><em>dimittentes</em></span> <span class='ocrx_word' id='word_1_560' title='bbox 1720 875 1874 918; x_wconf 80' lang='lat' dir='ltr'><em>Beneficia</em></span> <span class='ocrx_word' id='word_1_561' title='bbox 1909 877 1973 923; x_wconf 74' lang='lat' dir='ltr'><em>posi</em></span> <span class='ocrx_word' id='word_1_562' title='bbox 1997 875 2142 919; x_wconf 61' lang='lat' dir='ltr'><em>fesium,</em></span> 
     </span>
     <span class='ocr_line' id='line_1_86' title="bbox 1304 924 2142 970; baseline 0.002 -15"><span class='ocrx_word' id='word_1_563' title='bbox 1304 926 1336 957; x_wconf 85' lang='lat' dir='ltr'><em>S.</em></span> <span class='ocrx_word' id='word_1_564' title='bbox 1353 924 1490 958; x_wconf 86' lang='lat' dir='ltr'><em>Martini</em></span> <span class='ocrx_word' id='word_1_565' title='bbox 1506 946 1515 961; x_wconf 93' lang='lat'>,</span> <span class='ocrx_word' id='word_1_566' title='bbox 1527 924 1661 958; x_wconf 84' lang='lat' dir='ltr'><em>retinent</em></span> <span class='ocrx_word' id='word_1_567' title='bbox 1675 933 1778 958; x_wconf 87' lang='lat' dir='ltr'><em>omncs</em></span> <span class='ocrx_word' id='word_1_568' title='bbox 1785 924 1915 967; x_wconf 66' lang='lat' dir='ltr'><em>fruitus</em></span> <span class='ocrx_word' id='word_1_569' title='bbox 1928 924 2025 970; x_wconf 80' lang='lat' dir='ltr'><em>usque</em></span> <span class='ocrx_word' id='word_1_570' title='bbox 2037 925 2077 957; x_wconf 83' lang='lat' dir='ltr'><em>ad</em></span> <span class='ocrx_word' id='word_1_571' title='bbox 2092 924 2142 957; x_wconf 89' lang='lat' dir='ltr'><em>di-</em></span> 
     </span>
     <span class='ocr_line' id='line_1_87' title="bbox 1304 969 1534 1014; baseline -0.013 -8"><span class='ocrx_word' id='word_1_572' title='bbox 1304 973 1389 1006; x_wconf 67' lang='lat' dir='ltr'><em>tium</em></span> <span class='ocrx_word' id='word_1_573' title='bbox 1396 969 1509 1014; x_wconf 85' lang='lat' dir='ltr'><em>fesium</em></span> <span class='ocrx_word' id='word_1_574' title='bbox 1524 993 1534 1004; x_wconf 90' lang='lat'><strong>.</strong></span> 
     </span>
     <span class='ocr_line' id='line_1_88' title="bbox 1160 1014 2139 1065; baseline -0.004 -10"><span class='ocrx_word' id='word_1_575' title='bbox 1160 1031 1202 1065; x_wconf 86' lang='lat'><em>43</em></span> <span class='ocrx_word' id='word_1_576' title='bbox 1211 1022 1229 1055; x_wconf 91' lang='lat'>8</span> <span class='ocrx_word' id='word_1_577' title='bbox 1254 1019 1402 1063; x_wconf 80' lang='lat' dir='ltr'><em>Refertur</em></span> <span class='ocrx_word' id='word_1_578' title='bbox 1415 1019 1525 1052; x_wconf 88' lang='lat' dir='ltr'><em>modus</em></span> <span class='ocrx_word' id='word_1_579' title='bbox 1537 1014 1699 1062; x_wconf 79' lang='lat' dir='ltr'><em>prastandi</em></span> <span class='ocrx_word' id='word_1_580' title='bbox 1709 1015 1870 1060; x_wconf 82' lang='lat' dir='ltr'><em>consensus</em></span> <span class='ocrx_word' id='word_1_581' title='bbox 1893 1019 1925 1053; x_wconf 90' lang='lat' dir='ltr'><em>in</em></span> <span class='ocrx_word' id='word_1_582' title='bbox 1937 1017 2139 1064; x_wconf 82' lang='lat' dir='ltr'><em>resignatione</em></span> 
     </span>
     <span class='ocr_line' id='line_1_89' title="bbox 1302 1063 1550 1106; baseline -0.004 -8"><span class='ocrx_word' id='word_1_583' title='bbox 1302 1063 1525 1106; x_wconf 77' lang='lat' dir='ltr'><em>Beneficiorum</em></span> <span class='ocrx_word' id='word_1_584' title='bbox 1541 1087 1550 1097; x_wconf 89' lang='lat'><strong>.</strong></span> 
     </span>
     <span class='ocr_line' id='line_1_90' title="bbox 1159 1108 1931 1158; baseline 0.001 -14"><span class='ocrx_word' id='word_1_585' title='bbox 1159 1124 1230 1158; x_wconf 84' lang='lat'><em>439</em></span> <span class='ocrx_word' id='word_1_586' title='bbox 1256 1111 1473 1156; x_wconf 77' lang='lat' dir='ltr'><em>Refignatario</em></span> <span class='ocrx_word' id='word_1_587' title='bbox 1487 1108 1638 1145; x_wconf 84' lang='lat' dir='ltr'><em>debentur</em></span> <span class='ocrx_word' id='word_1_588' title='bbox 1651 1112 1771 1157; x_wconf 84' lang='lat' dir='ltr'><em>integri</em></span> <span class='ocrx_word' id='word_1_589' title='bbox 1776 1110 1906 1155; x_wconf 71' lang='lat' dir='ltr'><em>frub‘t&#39;us</em></span> <span class='ocrx_word' id='word_1_590' title='bbox 1920 1135 1931 1145; x_wconf 86' lang='grc'><strong>.</strong></span> 
     </span>
     <span class='ocr_line' id='line_1_91' title="bbox 1159 1157 2142 1204; baseline -0.003 -10"><span class='ocrx_word' id='word_1_591' title='bbox 1159 1172 1230 1204; x_wconf 90' lang='grc'><em>440</em></span> <span class='ocrx_word' id='word_1_592' title='bbox 1256 1161 1393 1193; x_wconf 70' lang='lat' dir='ltr'><em>fructus</em></span> <span class='ocrx_word' id='word_1_593' title='bbox 1416 1157 1599 1200; x_wconf 80' lang='lat' dir='ltr'><em>usufructus</em></span> <span class='ocrx_word' id='word_1_594' title='bbox 1621 1160 1786 1203; x_wconf 84' lang='lat' dir='ltr'><em>pendentes</em></span> <span class='ocrx_word' id='word_1_595' title='bbox 1805 1157 1867 1204; x_wconf 80' lang='lat' dir='ltr'><em>posi</em></span> <span class='ocrx_word' id='word_1_596' title='bbox 1882 1157 2003 1193; x_wconf 85' lang='lat' dir='ltr'><em>obitum</em></span> <span class='ocrx_word' id='word_1_597' title='bbox 2015 1157 2142 1202; x_wconf 78' lang='lat' dir='ltr'><em>usufru-</em></span> 
     </span>
     <span class='ocr_line' id='line_1_92' title="bbox 1303 1204 1911 1251; baseline 0.002 -12"><span class='ocrx_word' id='word_1_598' title='bbox 1303 1205 1423 1239; x_wconf 90' lang='lat' dir='ltr'><em>ctuarii</em></span> <span class='ocrx_word' id='word_1_599' title='bbox 1430 1204 1573 1251; x_wconf 90' lang='lat' dir='ltr'><em>spectant</em></span> <span class='ocrx_word' id='word_1_600' title='bbox 1587 1207 1627 1238; x_wconf 89' lang='lat' dir='ltr'><em>ad</em></span> <span class='ocrx_word' id='word_1_601' title='bbox 1642 1207 1889 1251; x_wconf 88' lang='lat' dir='ltr'><em>proprietarium</em></span> <span class='ocrx_word' id='word_1_602' title='bbox 1901 1229 1911 1240; x_wconf 88' lang='lat'>.</span> 
     </span>
     <span class='ocr_line' id='line_1_93' title="bbox 1159 1250 1826 1299; baseline -0.003 -11"><span class='ocrx_word' id='word_1_603' title='bbox 1159 1264 1226 1299; x_wconf 81' lang='lat'><em>441</em></span> <span class='ocrx_word' id='word_1_604' title='bbox 1256 1250 1501 1294; x_wconf 77' lang='lat' dir='ltr'><em>Ant011ell.sil›i</em></span> <span class='ocrx_word' id='word_1_605' title='bbox 1511 1251 1623 1294; x_wconf 76' lang='lat' dir='ltr'><em>paru&#39;m</em></span> <span class='ocrx_word' id='word_1_606' title='bbox 1637 1251 1755 1293; x_wconf 79' lang='lat' dir='ltr'><em>coflans</em></span> <span class='ocrx_word' id='word_1_607' title='bbox 1768 1251 1807 1294; x_wconf 77' lang='lat' dir='ltr'><em>esi</em></span> <span class='ocrx_word' id='word_1_608' title='bbox 1817 1276 1826 1286; x_wconf 90' lang='lat'><strong><em>.</em></strong></span> 
     </span>
     <span class='ocr_line' id='line_1_94' title="bbox 1158 1296 2136 1345; baseline -0.003 -10"><span class='ocrx_word' id='word_1_609' title='bbox 1158 1311 1226 1345; x_wconf 74' lang='lat'><em>442</em></span> <span class='ocrx_word' id='word_1_610' title='bbox 1255 1306 1401 1334; x_wconf 87' lang='lat' dir='ltr'><em>Doctores</em></span> <span class='ocrx_word' id='word_1_611' title='bbox 1415 1300 1565 1333; x_wconf 90' lang='lat' dir='ltr'><em>contrarii</em></span> <span class='ocrx_word' id='word_1_612' title='bbox 1576 1306 1635 1343; x_wconf 92' lang='lat' dir='ltr'><em>pro</em></span> <span class='ocrx_word' id='word_1_613' title='bbox 1648 1298 1802 1342; x_wconf 81' lang='lat' dir='ltr'><em>divisione</em></span> <span class='ocrx_word' id='word_1_614' title='bbox 1821 1300 1904 1334; x_wconf 90' lang='lat' dir='ltr'><em>inter</em></span> <span class='ocrx_word' id='word_1_615' title='bbox 1917 1298 2051 1334; x_wconf 63' lang='lat' dir='ltr'><em>haeredes</em></span> <span class='ocrx_word' id='word_1_616' title='bbox 2063 1296 2136 1340; x_wconf 80' lang='lat' dir='ltr'><em>usu-</em></span> 
     </span>
     <span class='ocr_line' id='line_1_95' title="bbox 1295 1344 2134 1428; baseline -0.001 -49"><span class='ocrx_word' id='word_1_617' title='bbox 1295 1347 1471 1428; x_wconf 64' lang='lat' dir='ltr'><em>Jl‘ructuarii</em></span> <span class='ocrx_word' id='word_1_618' title='bbox 1484 1369 1494 1384; x_wconf 87' lang='lat'><strong>,</strong></span> <span class='ocrx_word' id='word_1_619' title='bbox 1520 1348 1563 1381; x_wconf 58' lang='grc' dir='ltr'><em>Θ</em></span> <span class='ocrx_word' id='word_1_620' title='bbox 1575 1347 1822 1391; x_wconf 87' lang='lat' dir='ltr'><em>proprietarium</em></span> <span class='ocrx_word' id='word_1_621' title='bbox 1835 1347 1866 1380; x_wconf 89' lang='lat' dir='ltr'><em>in</em></span> <span class='ocrx_word' id='word_1_622' title='bbox 1882 1345 1999 1393; x_wconf 88' lang='lat' dir='ltr'><em>quibus</em></span> <span class='ocrx_word' id='word_1_623' title='bbox 2011 1344 2134 1390; x_wconf 77' lang='lat' dir='ltr'><em>cafibus</em></span> 
     </span>
     <span class='ocr_line' id='line_1_96' title="bbox 1311 1401 1491 1427; baseline 0 -1"><span class='ocrx_word' id='word_1_624' title='bbox 1311 1405 1328 1426; x_wconf 91' lang='grc' dir='ltr'><em>ο</em></span> <span class='ocrx_word' id='word_1_625' title='bbox 1352 1401 1470 1427; x_wconf 88' lang='lat' dir='ltr'><em>uantur</em></span> <span class='ocrx_word' id='word_1_626' title='bbox 1480 1415 1491 1426; x_wconf 86' lang='lat'><strong>.</strong></span> 
     </span>
     <span class='ocr_line' id='line_1_97' title="bbox 1155 1403 2136 1486; baseline 0 -12"><span class='ocrx_word' id='word_1_627' title='bbox 1155 1450 1223 1486; x_wconf 78' lang='lat'><em>443</em></span> <span class='ocrx_word' id='word_1_628' title='bbox 1251 1403 1573 1486; x_wconf 71' lang='lat' dir='ltr'><em>Jusqusufructuario</em></span> <span class='ocrx_word' id='word_1_629' title='bbox 1586 1437 1739 1474; x_wconf 68' lang='lat' dir='ltr'><em>cohaerens</em></span> <span class='ocrx_word' id='word_1_630' title='bbox 1754 1463 1765 1479; x_wconf 88' lang='lat'>,</span> <span class='ocrx_word' id='word_1_631' title='bbox 1791 1441 1993 1486; x_wconf 80' lang='lat' dir='ltr'><em>extinguitur</em></span> <span class='ocrx_word' id='word_1_632' title='bbox 2007 1437 2136 1482; x_wconf 76' lang='lat' dir='ltr'><em>ususru·</em></span> 
     </span>
     <span class='ocr_line' id='line_1_98' title="bbox 1298 1488 1549 1521; baseline -0.004 -1"><span class='ocrx_word' id='word_1_633' title='bbox 1298 1488 1416 1521; x_wconf 77' lang='lat' dir='ltr'><em>ctuarii</em></span> <span class='ocrx_word' id='word_1_634' title='bbox 1427 1493 1525 1520; x_wconf 88' lang='lat' dir='ltr'><em>morte</em></span> <span class='ocrx_word' id='word_1_635' title='bbox 1538 1510 1549 1519; x_wconf 88' lang='lat'><strong>.</strong></span> 
     </span>
     <span class='ocr_line' id='line_1_99' title="bbox 1156 1530 2136 1579; baseline -0.004 -10"><span class='ocrx_word' id='word_1_636' title='bbox 1156 1544 1228 1579; x_wconf 81' lang='lat'><em>444</em></span> <span class='ocrx_word' id='word_1_637' title='bbox 1252 1531 1316 1569; x_wconf 66' lang='lat' dir='ltr'><em>‚Ab</em></span> <span class='ocrx_word' id='word_1_638' title='bbox 1338 1533 1452 1567; x_wconf 89' lang='lat' dir='ltr'><em>annuis</em></span> <span class='ocrx_word' id='word_1_639' title='bbox 1464 1530 1639 1567; x_wconf 85' lang='lat' dir='ltr'><em>redditibus</em></span> <span class='ocrx_word' id='word_1_640' title='bbox 1664 1545 1724 1568; x_wconf 88' lang='lat' dir='ltr'><em>non</em></span> <span class='ocrx_word' id='word_1_641' title='bbox 1736 1531 1811 1569; x_wconf 63' lang='lat' dir='ltr'><em>ben&amp;</em></span> <span class='ocrx_word' id='word_1_642' title='bbox 1832 1533 1968 1576; x_wconf 83' lang='lat' dir='ltr'><em>infertur</em></span> <span class='ocrx_word' id='word_1_643' title='bbox 1987 1533 2029 1570; x_wconf 86' lang='lat' dir='ltr'><em>ad</em></span> <span class='ocrx_word' id='word_1_644' title='bbox 2041 1532 2136 1579; x_wconf 83' lang='lat' dir='ltr'><em>quin-</em></span> 
     </span>
     <span class='ocr_line' id='line_1_100' title="bbox 1297 1579 1940 1623; baseline 0 -9"><span class='ocrx_word' id='word_1_645' title='bbox 1297 1580 1410 1615; x_wconf 89' lang='lat' dir='ltr'><em>dennia</em></span> <span class='ocrx_word' id='word_1_646' title='bbox 1425 1603 1435 1619; x_wconf 93' lang='lat'>‚</span> <span class='ocrx_word' id='word_1_647' title='bbox 1453 1579 1476 1623; x_wconf 91' lang='lat' dir='ltr'><em>s</em></span> <span class='ocrx_word' id='word_1_648' title='bbox 1473 1590 1509 1613; x_wconf 88' lang='lat' dir='ltr'><em>eu</em></span> <span class='ocrx_word' id='word_1_649' title='bbox 1526 1580 1761 1622; x_wconf 83' lang='lat' dir='ltr'><em>quindenniales</em></span> <span class='ocrx_word' id='word_1_650' title='bbox 1775 1582 1916 1615; x_wconf 87' lang='lat' dir='ltr'><em>redditus</em></span> <span class='ocrx_word' id='word_1_651' title='bbox 1929 1603 1940 1614; x_wconf 88' lang='lat'><strong>.</strong></span> 
     </span>
     <span class='ocr_line' id='line_1_101' title="bbox 1155 1625 2133 1674; baseline -0.004 -11"><span class='ocrx_word' id='word_1_652' title='bbox 1155 1638 1222 1674; x_wconf 85' lang='lat'><em>445</em></span> <span class='ocrx_word' id='word_1_653' title='bbox 1251 1633 1401 1663; x_wconf 90' lang='lat' dir='ltr'><em>Doctores</em></span> <span class='ocrx_word' id='word_1_654' title='bbox 1417 1634 1475 1672; x_wconf 90' lang='lat' dir='ltr'><em>pro</em></span> <span class='ocrx_word' id='word_1_655' title='bbox 1487 1625 1640 1670; x_wconf 84' lang='lat' dir='ltr'><em>divisione</em></span> <span class='ocrx_word' id='word_1_656' title='bbox 1654 1650 1664 1666; x_wconf 86' lang='lat'><strong>,</strong></span> <span class='ocrx_word' id='word_1_657' title='bbox 1689 1627 1796 1672; x_wconf 79' lang='lat' dir='ltr'><em>potius</em></span> <span class='ocrx_word' id='word_1_658' title='bbox 1801 1626 1925 1670; x_wconf 86' lang='lat' dir='ltr'><em>favent</em></span> <span class='ocrx_word' id='word_1_659' title='bbox 1947 1625 2111 1662; x_wconf 77' lang='lat' dir='ltr'><em>contraria</em></span> <span class='ocrx_word' id='word_1_660' title='bbox 2122 1648 2133 1660; x_wconf 94' lang='lat'><strong>.</strong></span> 
     </span>
     <span class='ocr_line' id='line_1_102' title="bbox 1156 1671 2133 1720; baseline -0.003 -10"><span class='ocrx_word' id='word_1_661' title='bbox 1156 1680 1227 1720; x_wconf 85' lang='lat'><em>446</em></span> <span class='ocrx_word' id='word_1_662' title='bbox 1251 1680 1388 1710; x_wconf 80' lang='lat' dir='ltr'><em>Fructus</em></span> <span class='ocrx_word' id='word_1_663' title='bbox 1401 1671 1575 1714; x_wconf 67' lang='lat' dir='ltr'><em>Beneficiia*</em></span> <span class='ocrx_word' id='word_1_664' title='bbox 1592 1672 1659 1716; x_wconf 89' lang='lat' dir='ltr'><em>solo</em></span> <span class='ocrx_word' id='word_1_665' title='bbox 1665 1672 1807 1720; x_wconf 86' lang='lat' dir='ltr'><em>separati</em></span> <span class='ocrx_word' id='word_1_666' title='bbox 1822 1673 2028 1720; x_wconf 71' lang='lat' dir='ltr'><em>spectant,ad</em></span> <span class='ocrx_word' id='word_1_667' title='bbox 2038 1672 2133 1708; x_wconf 81' lang='lat' dir='ltr'><em>haere-</em></span> 
     </span>
     <span class='ocr_line' id='line_1_103' title="bbox 1297 1721 1576 1762; baseline -0.007 -6"><span class='ocrx_word' id='word_1_668' title='bbox 1297 1723 1365 1756; x_wconf 89' lang='lat' dir='ltr'><em>dem</em></span> <span class='ocrx_word' id='word_1_669' title='bbox 1377 1721 1558 1762; x_wconf 84' lang='lat' dir='ltr'><em>Beneficiati</em></span> <span class='ocrx_word' id='word_1_670' title='bbox 1565 1743 1576 1754; x_wconf 84' lang='lat'><strong>.</strong></span> 
     </span>
     <span class='ocr_line' id='line_1_104' title="bbox 1156 1765 1993 1814; baseline 0 -11"><span class='ocrx_word' id='word_1_671' title='bbox 1156 1780 1226 1814; x_wconf 86' lang='lat'><em>447</em></span> <span class='ocrx_word' id='word_1_672' title='bbox 1253 1773 1390 1803; x_wconf 84' lang='lat' dir='ltr'><em>Fructus</em></span> <span class='ocrx_word' id='word_1_673' title='bbox 1400 1768 1564 1812; x_wconf 84' lang='lat' dir='ltr'><em>pendentes</em></span> <span class='ocrx_word' id='word_1_674' title='bbox 1568 1766 1712 1813; x_wconf 88' lang='lat' dir='ltr'><em>spectant</em></span> <span class='ocrx_word' id='word_1_675' title='bbox 1721 1768 1763 1803; x_wconf 90' lang='lat' dir='ltr'><em>ad</em></span> <span class='ocrx_word' id='word_1_676' title='bbox 1765 1765 1891 1813; x_wconf 82' lang='lat' dir='ltr'><em>succeff</em></span> <span class='ocrx_word' id='word_1_677' title='bbox 1885 1778 1968 1803; x_wconf 89' lang='lat' dir='ltr'><em>orem</em></span> <span class='ocrx_word' id='word_1_678' title='bbox 1982 1791 1993 1803; x_wconf 86' lang='lat'><strong>.</strong></span> 
     </span>
     <span class='ocr_line' id='line_1_105' title="bbox 1156 1813 1985 1860; baseline -0.005 -8"><span class='ocrx_word' id='word_1_679' title='bbox 1156 1820 1225 1860; x_wconf 82' lang='lat'><em>448</em></span> <span class='ocrx_word' id='word_1_680' title='bbox 1252 1816 1453 1850; x_wconf 79' lang='lat' dir='ltr'><em>Antouellus</em></span> <span class='ocrx_word' id='word_1_681' title='bbox 1463 1814 1623 1858; x_wconf 84' lang='lat' dir='ltr'><em>confundit</em></span> <span class='ocrx_word' id='word_1_682' title='bbox 1636 1815 1784 1850; x_wconf 88' lang='lat' dir='ltr'><em>terminos</em></span> <span class='ocrx_word' id='word_1_683' title='bbox 1795 1813 1961 1857; x_wconf 81' lang='lat' dir='ltr'><em>divisionis</em></span> <span class='ocrx_word' id='word_1_684' title='bbox 1975 1837 1985 1848; x_wconf 91' lang='lat'><strong>.</strong></span> 
     </span>
     <span class='ocr_line' id='line_1_106' title="bbox 1157 1860 2134 1908; baseline 0.001 -12"><span class='ocrx_word' id='word_1_685' title='bbox 1157 1873 1227 1908; x_wconf 85' lang='lat'><em>449</em></span> <span class='ocrx_word' id='word_1_686' title='bbox 1253 1862 1488 1907; x_wconf 79' lang='lat' dir='ltr'><em>Qindennium</em></span> <span class='ocrx_word' id='word_1_687' title='bbox 1499 1868 1680 1907; x_wconf 84' lang='lat' dir='ltr'><em>perceptum</em></span> <span class='ocrx_word' id='word_1_688' title='bbox 1693 1885 1704 1900; x_wconf 92' lang='lat'>,</span> <span class='ocrx_word' id='word_1_689' title='bbox 1719 1860 1838 1906; x_wconf 78' lang='lat' dir='ltr'><em>integre</em></span> <span class='ocrx_word' id='word_1_690' title='bbox 1849 1861 2030 1908; x_wconf 79' lang='lat' dir='ltr'><em>acquiritur</em></span> <span class='ocrx_word' id='word_1_691' title='bbox 2038 1860 2134 1897; x_wconf 77' lang='lat' dir='ltr'><em>hare-</em></span> 
     </span>
     <span class='ocr_line' id='line_1_107' title="bbox 1299 1906 1814 1953; baseline -0.004 -9"><span class='ocrx_word' id='word_1_692' title='bbox 1299 1907 1393 1944; x_wconf 84' lang='lat' dir='ltr'><em>dibus</em></span> <span class='ocrx_word' id='word_1_693' title='bbox 1403 1907 1585 1950; x_wconf 78' lang='lat' dir='ltr'><em>Beneficiati</em></span> <span class='ocrx_word' id='word_1_694' title='bbox 1597 1906 1792 1953; x_wconf 74' lang='lat' dir='ltr'><em>antecessoris</em></span> <span class='ocrx_word' id='word_1_695' title='bbox 1804 1931 1814 1942; x_wconf 88' lang='lat'><strong><em>.</em></strong></span> 
     </span>
     <span class='ocr_line' id='line_1_108' title="bbox 1155 1952 2135 2003; baseline 0 -11"><span class='ocrx_word' id='word_1_696' title='bbox 1155 1967 1226 2003; x_wconf 86' lang='lat'><em>450</em></span> <span class='ocrx_word' id='word_1_697' title='bbox 1250 1954 1461 1997; x_wconf 77' lang='lat' dir='ltr'><em>Beneficiatus</em></span> <span class='ocrx_word' id='word_1_698' title='bbox 1482 1966 1543 1989; x_wconf 86' lang='lat' dir='ltr'><em>non</em></span> <span class='ocrx_word' id='word_1_699' title='bbox 1555 1952 1629 1989; x_wconf 76' lang='lat' dir='ltr'><em>bene</em></span> <span class='ocrx_word' id='word_1_700' title='bbox 1644 1956 1859 2001; x_wconf 80' lang='lat' dir='ltr'><em>aequiparatur</em></span> <span class='ocrx_word' id='word_1_701' title='bbox 1870 1953 2108 1999; x_wconf 81' lang='lat' dir='ltr'><em>usufructuario</em></span> <span class='ocrx_word' id='word_1_702' title='bbox 2121 1977 2135 1995; x_wconf 80' lang='lat'>,</span> 
     </span>
     <span class='ocr_line' id='line_1_109' title="bbox 1289 2003 1589 2047; baseline -0.007 -10"><span class='ocrx_word' id='word_1_703' title='bbox 1289 2003 1402 2047; x_wconf 90' lang='lat' dir='ltr'><em>saltem</em></span> <span class='ocrx_word' id='word_1_704' title='bbox 1424 2003 1459 2037; x_wconf 81' lang='lat' dir='ltr'><em>in</em></span> <span class='ocrx_word' id='word_1_705' title='bbox 1471 2010 1568 2037; x_wconf 84' lang='lat' dir='ltr'><em>morte</em></span> <span class='ocrx_word' id='word_1_706' title='bbox 1579 2025 1589 2035; x_wconf 92' lang='lat'><strong>.</strong></span> 
     </span>
     <span class='ocr_line' id='line_1_110' title="bbox 1152 2047 2131 2097; baseline -0.002 -12"><span class='ocrx_word' id='word_1_707' title='bbox 1152 2061 1220 2097; x_wconf 84' lang='lat'><em>451</em></span> <span class='ocrx_word' id='word_1_708' title='bbox 1250 2049 1405 2095; x_wconf 69' lang='lat' dir='ltr'><em>Rejicitur</em></span> <span class='ocrx_word' id='word_1_709' title='bbox 1418 2049 1519 2083; x_wconf 87' lang='lat' dir='ltr'><em>Costa</em></span> <span class='ocrx_word' id='word_1_710' title='bbox 1531 2050 1572 2084; x_wconf 89' lang='lat' dir='ltr'><em>de</em></span> <span class='ocrx_word' id='word_1_711' title='bbox 1586 2056 1660 2083; x_wconf 81' lang='lat' dir='ltr'><em>rata</em></span> <span class='ocrx_word' id='word_1_712' title='bbox 1681 2047 1796 2093; x_wconf 77' lang='lat' dir='ltr'><em>quaest.</em></span> <span class='ocrx_word' id='word_1_713' title='bbox 1810 2058 1935 2093; x_wconf 81' lang='lat' dir='ltr'><em>29.n.5.</em></span> <span class='ocrx_word' id='word_1_714' title='bbox 1949 2060 2027 2085; x_wconf 84' lang='lat' dir='ltr'><em>cum</em></span> <span class='ocrx_word' id='word_1_715' title='bbox 2039 2047 2131 2096; x_wconf 86' lang='lat' dir='ltr'><em>seqq.</em></span> 
     </span>
     <span class='ocr_line' id='line_1_111' title="bbox 1153 2094 2129 2144; baseline -0.002 -12"><span class='ocrx_word' id='word_1_716' title='bbox 1153 2110 1195 2143; x_wconf 86' lang='lat'><em>45</em></span> <span class='ocrx_word' id='word_1_717' title='bbox 1205 2112 1222 2134; x_wconf 90' lang='lat'>2</span> <span class='ocrx_word' id='word_1_718' title='bbox 1248 2099 1358 2144; x_wconf 84' lang='lat' dir='ltr'><em>Opinio</em></span> <span class='ocrx_word' id='word_1_719' title='bbox 1373 2095 1488 2130; x_wconf 63' lang='lat' dir='ltr'><em>&#39;Costae</em></span> <span class='ocrx_word' id='word_1_720' title='bbox 1507 2096 1652 2141; x_wconf 88' lang='lat' dir='ltr'><em>procedet</em></span> <span class='ocrx_word' id='word_1_721' title='bbox 1675 2096 1716 2129; x_wconf 87' lang='lat' dir='ltr'><em>ad</em></span> <span class='ocrx_word' id='word_1_722' title='bbox 1731 2095 1890 2137; x_wconf 90' lang='lat' dir='ltr'><em>summum</em></span> <span class='ocrx_word' id='word_1_723' title='bbox 1911 2096 1944 2129; x_wconf 93' lang='lat' dir='ltr'><em>in</em></span> <span class='ocrx_word' id='word_1_724' title='bbox 1965 2094 2129 2138; x_wconf 79' lang='lat' dir='ltr'><em>Beneficiis</em></span> 
     </span>
     <span class='ocr_line' id='line_1_112' title="bbox 1295 2140 1920 2187; baseline -0.002 -9"><span class='ocrx_word' id='word_1_725' title='bbox 1295 2143 1424 2178; x_wconf 85' lang='lat' dir='ltr'><em>Curatis</em></span> <span class='ocrx_word' id='word_1_726' title='bbox 1436 2166 1447 2181; x_wconf 93' lang='lat'>,</span> <span class='ocrx_word' id='word_1_727' title='bbox 1471 2153 1530 2176; x_wconf 90' lang='lat' dir='ltr'><em>non</em></span> <span class='ocrx_word' id='word_1_728' title='bbox 1544 2150 1646 2176; x_wconf 85' lang='lat' dir='ltr'><em>autem</em></span> <span class='ocrx_word' id='word_1_729' title='bbox 1657 2142 1689 2174; x_wconf 90' lang='lat' dir='ltr'><em>in</em></span> <span class='ocrx_word' id='word_1_730' title='bbox 1699 2140 1900 2187; x_wconf 78' lang='lat' dir='ltr'><em>fimplicibus</em></span> <span class='ocrx_word' id='word_1_731' title='bbox 1910 2166 1920 2176; x_wconf 89' lang='lat'><strong>.</strong></span> 
     </span>
     <span class='ocr_line' id='line_1_113' title="bbox 1154 2187 2084 2238; baseline -0.001 -12"><span class='ocrx_word' id='word_1_732' title='bbox 1154 2204 1221 2238; x_wconf 82' lang='lat'><em>453</em></span> <span class='ocrx_word' id='word_1_733' title='bbox 1250 2191 1441 2236; x_wconf 86' lang='lat' dir='ltr'><em>Legatarius</em></span> <span class='ocrx_word' id='word_1_734' title='bbox 1454 2212 1464 2228; x_wconf 87' lang='lat'><em>‚</em></span> <span class='ocrx_word' id='word_1_735' title='bbox 1490 2190 1524 2222; x_wconf 90' lang='lat' dir='ltr'><em>in</em></span> <span class='ocrx_word' id='word_1_736' title='bbox 1536 2189 1642 2233; x_wconf 86' lang='lat' dir='ltr'><em>legato</em></span> <span class='ocrx_word' id='word_1_737' title='bbox 1655 2187 1853 2233; x_wconf 84' lang='lat' dir='ltr'><em>praesumitur</em></span> <span class='ocrx_word' id='word_1_738' title='bbox 1863 2189 2060 2236; x_wconf 73' lang='lat' dir='ltr'><em>praedilectus</em></span> <span class='ocrx_word' id='word_1_739' title='bbox 2072 2212 2084 2225; x_wconf 88' lang='grc'><strong>.</strong></span> 
     </span>
     <span class='ocr_line' id='line_1_114' title="bbox 1152 2234 1905 2285; baseline -0.001 -15"><span class='ocrx_word' id='word_1_740' title='bbox 1152 2252 1226 2285; x_wconf 81' lang='lat'><em>454</em></span> <span class='ocrx_word' id='word_1_741' title='bbox 1249 2241 1287 2272; x_wconf 90' lang='lat' dir='ltr'><em>In</em></span> <span class='ocrx_word' id='word_1_742' title='bbox 1301 2234 1485 2279; x_wconf 74' lang='lat' dir='ltr'><em>Beneficiato</em></span> <span class='ocrx_word' id='word_1_743' title='bbox 1499 2235 1587 2269; x_wconf 82' lang='lat' dir='ltr'><em>nulla</em></span> <span class='ocrx_word' id='word_1_744' title='bbox 1597 2236 1681 2269; x_wconf 87' lang='lat' dir='ltr'><em>cadit</em></span> <span class='ocrx_word' id='word_1_745' title='bbox 1694 2236 1883 2279; x_wconf 58' lang='lat' dir='ltr'><em>pradilectio</em></span> <span class='ocrx_word' id='word_1_746' title='bbox 1894 2260 1905 2269; x_wconf 84' lang='grc'><strong>.</strong></span> 
     </span>
     <span class='ocr_line' id='line_1_115' title="bbox 1152 2280 2129 2372; baseline -0.001 -52"><span class='ocrx_word' id='word_1_747' title='bbox 1152 2298 1218 2331; x_wconf 87' lang='grc'><em>455</em></span> <span class='ocrx_word' id='word_1_748' title='bbox 1247 2285 1358 2331; x_wconf 85' lang='lat' dir='ltr'><em>Opinio</em></span> <span class='ocrx_word' id='word_1_749' title='bbox 1378 2292 1434 2372; x_wconf 71' lang='lat' dir='ltr'><em>prso</em></span> <span class='ocrx_word' id='word_1_750' title='bbox 1447 2280 1598 2326; x_wconf 78' lang='lat' dir='ltr'><em>divisione</em></span> <span class='ocrx_word' id='word_1_751' title='bbox 1621 2282 1662 2315; x_wconf 86' lang='lat' dir='ltr'><em>ad</em></span> <span class='ocrx_word' id='word_1_752' title='bbox 1670 2280 1823 2324; x_wconf 82' lang='lat' dir='ltr'><em>favorem</em></span> <span class='ocrx_word' id='word_1_753' title='bbox 1837 2281 1990 2328; x_wconf 84' lang='lat' dir='ltr'><em>legatarii</em></span> <span class='ocrx_word' id='word_1_754' title='bbox 2008 2281 2049 2327; x_wconf 82' lang='lat' dir='ltr'><em>esi</em></span> <span class='ocrx_word' id='word_1_755' title='bbox 2059 2294 2129 2320; x_wconf 89' lang='lat' dir='ltr'><em>con·</em></span> 
     </span>
     <span class='ocr_line' id='line_1_116' title="bbox 1296 2340 1467 2367; baseline -0.018 0"><span class='ocrx_word' id='word_1_756' title='bbox 1296 2340 1410 2367; x_wconf 87' lang='lat' dir='ltr'><em>trover</em></span> <span class='ocrx_word' id='word_1_757' title='bbox 1425 2340 1444 2362; x_wconf 92' lang='lat' dir='ltr'><em>a</em></span> <span class='ocrx_word' id='word_1_758' title='bbox 1457 2353 1467 2364; x_wconf 90' lang='lat'>.</span> 
     </span>
     <span class='ocr_line' id='line_1_117' title="bbox 1154 2375 2127 2425; baseline -0.004 -9"><span class='ocrx_word' id='word_1_759' title='bbox 1154 2384 1223 2425; x_wconf 86' lang='grc'><em>456</em></span> <span class='ocrx_word' id='word_1_760' title='bbox 1249 2384 1384 2414; x_wconf 83' lang='lat' dir='ltr'><em>Fructus</em></span> <span class='ocrx_word' id='word_1_761' title='bbox 1394 2376 1562 2422; x_wconf 84' lang='lat' dir='ltr'><em>pendentes</em></span> <span class='ocrx_word' id='word_1_762' title='bbox 1583 2375 1690 2422; x_wconf 73' lang='lat' dir='ltr'><em>potius</em></span> <span class='ocrx_word' id='word_1_763' title='bbox 1706 2376 1849 2422; x_wconf 86' lang='lat' dir='ltr'><em>spectant</em></span> <span class='ocrx_word' id='word_1_764' title='bbox 1874 2376 1917 2410; x_wconf 84' lang='lat' dir='ltr'><em>ad</em></span> <span class='ocrx_word' id='word_1_765' title='bbox 1929 2375 2127 2422; x_wconf 72' lang='lat' dir='ltr'><em>successorem</em></span> 
     </span>
     <span class='ocr_line' id='line_1_118' title="bbox 1296 2419 1590 2467; baseline -0.014 -7"><span class='ocrx_word' id='word_1_766' title='bbox 1296 2428 1330 2460; x_wconf 87' lang='lat' dir='ltr'><em>in</em></span> <span class='ocrx_word' id='word_1_767' title='bbox 1340 2419 1570 2467; x_wconf 78' lang='lat' dir='ltr'><em>fideicommiffo</em></span> <span class='ocrx_word' id='word_1_768' title='bbox 1580 2448 1590 2457; x_wconf 86' lang='lat'><strong>.</strong></span> 
     </span>
     <span class='ocr_line' id='line_1_119' title="bbox 1154 2471 2130 2519; baseline -0.001 -12"><span class='ocrx_word' id='word_1_769' title='bbox 1154 2485 1223 2518; x_wconf 83' lang='lat'><em>457</em></span> <span class='ocrx_word' id='word_1_770' title='bbox 1248 2473 1358 2519; x_wconf 84' lang='lat' dir='ltr'><em>Opinio</em></span> <span class='ocrx_word' id='word_1_771' title='bbox 1375 2479 1432 2515; x_wconf 87' lang='lat' dir='ltr'><em>pro</em></span> <span class='ocrx_word' id='word_1_772' title='bbox 1446 2471 1598 2513; x_wconf 74' lang='lat' dir='ltr'><em>divisione</em></span> <span class='ocrx_word' id='word_1_773' title='bbox 1608 2472 1650 2506; x_wconf 85' lang='lat' dir='ltr'><em>ad</em></span> <span class='ocrx_word' id='word_1_774' title='bbox 1658 2471 1815 2514; x_wconf 86' lang='lat' dir='ltr'><em>summum</em></span> <span class='ocrx_word' id='word_1_775' title='bbox 1829 2471 1961 2505; x_wconf 89' lang='lat' dir='ltr'><em>intraret</em></span> <span class='ocrx_word' id='word_1_776' title='bbox 1973 2493 1983 2509; x_wconf 91' lang='lat'>,</span> <span class='ocrx_word' id='word_1_777' title='bbox 2003 2471 2130 2516; x_wconf 85' lang='lat' dir='ltr'><em>quando</em></span> 
     </span>
     <span class='ocr_line' id='line_1_120' title="bbox 1294 2515 2129 2562; baseline -0.001 -9"><span class='ocrx_word' id='word_1_778' title='bbox 1294 2525 1443 2562; x_wconf 85' lang='lat' dir='ltr'><em>ageretur</em></span> <span class='ocrx_word' id='word_1_779' title='bbox 1453 2518 1488 2551; x_wconf 91' lang='lat' dir='ltr'><em>de</em></span> <span class='ocrx_word' id='word_1_780' title='bbox 1496 2517 1628 2561; x_wconf 88' lang='lat' dir='ltr'><em>secundo</em></span> <span class='ocrx_word' id='word_1_781' title='bbox 1640 2541 1651 2558; x_wconf 87' lang='lat'>‚</span> <span class='ocrx_word' id='word_1_782' title='bbox 1682 2519 1741 2554; x_wconf 77' lang='lat' dir='ltr'><em>vel</em></span> <span class='ocrx_word' id='word_1_783' title='bbox 1751 2517 1896 2553; x_wconf 85' lang='lat' dir='ltr'><em>ulteriori</em></span> <span class='ocrx_word' id='word_1_784' title='bbox 1916 2515 2129 2562; x_wconf 75' lang='lat' dir='ltr'><em>locosucctffi·</em></span> 
     </span>
     <span class='ocr_line' id='line_1_121' title="bbox 1298 2565 1496 2600; baseline -0.01 0"><span class='ocrx_word' id='word_1_785' title='bbox 1298 2565 1344 2600; x_wconf 75' lang='lat' dir='ltr'><em>ve</em></span> <span class='ocrx_word' id='word_1_786' title='bbox 1355 2572 1474 2599; x_wconf 79' lang='lat' dir='ltr'><em>vocato</em></span> <span class='ocrx_word' id='word_1_787' title='bbox 1486 2588 1496 2598; x_wconf 85' lang='lat'><em>.</em></span> 
     </span>
     <span class='ocr_line' id='line_1_122' title="bbox 1158 2610 1952 2659; baseline 0.001 -15"><span class='ocrx_word' id='word_1_788' title='bbox 1158 2618 1226 2659; x_wconf 79' lang='lat'><em>458</em></span> <span class='ocrx_word' id='word_1_789' title='bbox 1251 2610 1429 2655; x_wconf 20' lang='lat' dir='ltr'><em>Inlcaftella</em></span> <span class='ocrx_word' id='word_1_790' title='bbox 1440 2610 1488 2646; x_wconf 75' lang='lat' dir='ltr'><em>ita</em></span> <span class='ocrx_word' id='word_1_791' title='bbox 1500 2612 1675 2654; x_wconf 89' lang='lat' dir='ltr'><em>consultum</em></span> <span class='ocrx_word' id='word_1_792' title='bbox 1684 2637 1694 2652; x_wconf 92' lang='lat'><em>,</em></span> <span class='ocrx_word' id='word_1_793' title='bbox 1706 2615 1750 2649; x_wconf 55' lang='grc' dir='ltr'><em>ἔν</em></span> <span class='ocrx_word' id='word_1_794' title='bbox 1759 2612 1931 2656; x_wconf 83' lang='lat' dir='ltr'><em>servatum</em></span> <span class='ocrx_word' id='word_1_795' title='bbox 1942 2636 1952 2646; x_wconf 91' lang='lat'><strong>.</strong></span> 
     </span>
     <span class='ocr_line' id='line_1_123' title="bbox 1157 2658 2080 2706; baseline 0 -11"><span class='ocrx_word' id='word_1_796' title='bbox 1157 2673 1227 2705; x_wconf 84' lang='grc'><em>459</em></span> <span class='ocrx_word' id='word_1_797' title='bbox 1252 2665 1352 2695; x_wconf 86' lang='lat' dir='ltr'><em>Onera</em></span> <span class='ocrx_word' id='word_1_798' title='bbox 1364 2658 1492 2693; x_wconf 66' lang='lat' dir='ltr'><em>haeredis</em></span> <span class='ocrx_word' id='word_1_799' title='bbox 1499 2662 1642 2704; x_wconf 83' lang='lat' dir='ltr'><em>gravati</em></span> <span class='ocrx_word' id='word_1_800' title='bbox 1655 2669 1692 2695; x_wconf 89' lang='lat' dir='ltr'><em>ut</em></span> <span class='ocrx_word' id='word_1_801' title='bbox 1702 2660 1874 2706; x_wconf 77' lang='lat' dir='ltr'><em>plurimum</em></span> <span class='ocrx_word' id='word_1_802' title='bbox 1878 2658 1901 2701; x_wconf 89' lang='lat' dir='ltr'><em>s</em></span> <span class='ocrx_word' id='word_1_803' title='bbox 1898 2667 1955 2694; x_wconf 87' lang='lat' dir='ltr'><em>unt</em></span> <span class='ocrx_word' id='word_1_804' title='bbox 1965 2659 2056 2695; x_wconf 76' lang='lat' dir='ltr'><em>levia</em></span> <span class='ocrx_word' id='word_1_805' title='bbox 2068 2682 2080 2695; x_wconf 82' lang='lat'><strong><em>.</em></strong></span> 
     </span>
     <span class='ocr_line' id='line_1_124' title="bbox 1158 2706 1885 2752; baseline -0.004 -9"><span class='ocrx_word' id='word_1_806' title='bbox 1158 2715 1228 2752; x_wconf 82' lang='lat'><em>460</em></span> <span class='ocrx_word' id='word_1_807' title='bbox 1253 2712 1354 2741; x_wconf 88' lang='lat' dir='ltr'><em>Onera</em></span> <span class='ocrx_word' id='word_1_808' title='bbox 1364 2706 1610 2742; x_wconf 83' lang='lat' dir='ltr'><em>matrimonialia</em></span> <span class='ocrx_word' id='word_1_809' title='bbox 1617 2707 1642 2751; x_wconf 94' lang='lat' dir='ltr'><em>s</em></span> <span class='ocrx_word' id='word_1_810' title='bbox 1636 2715 1697 2741; x_wconf 87' lang='lat' dir='ltr'><em>unt</em></span> <span class='ocrx_word' id='word_1_811' title='bbox 1699 2709 1864 2752; x_wconf 84' lang='lat' dir='ltr'><em>graviora</em></span> <span class='ocrx_word' id='word_1_812' title='bbox 1876 2729 1885 2739; x_wconf 89' lang='lat'><strong><em>.</em></strong></span> 
     </span>
     <span class='ocr_line' id='line_1_125' title="bbox 1157 2749 2128 2800; baseline -0.002 -10"><span class='ocrx_word' id='word_1_813' title='bbox 1157 2760 1203 2800; x_wconf 87' lang='grc'>46</span> <span class='ocrx_word' id='word_1_814' title='bbox 1211 2767 1224 2790; x_wconf 86' lang='lat'>1</span> <span class='ocrx_word' id='word_1_815' title='bbox 1252 2756 1290 2789; x_wconf 89' lang='lat' dir='ltr'><em>In</em></span> <span class='ocrx_word' id='word_1_816' title='bbox 1301 2752 1461 2797; x_wconf 82' lang='lat' dir='ltr'><em>Lusitania</em></span> <span class='ocrx_word' id='word_1_817' title='bbox 1465 2752 1596 2796; x_wconf 84' lang='lat' dir='ltr'><em>fructus</em></span> <span class='ocrx_word' id='word_1_818' title='bbox 1619 2765 1678 2788; x_wconf 89' lang='lat' dir='ltr'><em>non</em></span> <span class='ocrx_word' id='word_1_819' title='bbox 1687 2758 1803 2789; x_wconf 87' lang='lat' dir='ltr'><em>dantur</em></span> <span class='ocrx_word' id='word_1_820' title='bbox 1817 2753 1842 2796; x_wconf 92' lang='lat' dir='ltr'><em>s</em></span> <span class='ocrx_word' id='word_1_821' title='bbox 1836 2750 1982 2797; x_wconf 73' lang='lat' dir='ltr'><em>ucceffori</em></span> <span class='ocrx_word' id='word_1_822' title='bbox 1990 2749 2128 2797; x_wconf 74' lang='lat' dir='ltr'><em>maiora-</em></span> 
     </span>
     <span class='ocr_line' id='line_1_126' title="bbox 1296 2799 1662 2846; baseline 0.003 -11"><span class='ocrx_word' id='word_1_823' title='bbox 1296 2808 1350 2835; x_wconf 89' lang='lat' dir='ltr'><em>tus</em></span> <span class='ocrx_word' id='word_1_824' title='bbox 1366 2799 1404 2834; x_wconf 83' lang='lat' dir='ltr'><em>oh</em></span> <span class='ocrx_word' id='word_1_825' title='bbox 1418 2799 1547 2846; x_wconf 85' lang='lat' dir='ltr'><em>aliquod</em></span> <span class='ocrx_word' id='word_1_826' title='bbox 1560 2812 1638 2835; x_wconf 88' lang='lat' dir='ltr'><em>onus</em></span> <span class='ocrx_word' id='word_1_827' title='bbox 1652 2825 1662 2835; x_wconf 89' lang='lat'>.</span> 
     </span>
     <span class='ocr_line' id='line_1_127' title="bbox 1155 2844 2127 2894; baseline -0.002 -11"><span class='ocrx_word' id='word_1_828' title='bbox 1155 2854 1227 2894; x_wconf 87' lang='lat'><em>462</em></span> <span class='ocrx_word' id='word_1_829' title='bbox 1255 2844 1455 2893; x_wconf 81' lang='lat' dir='ltr'><em>Reprobatur</em></span> <span class='ocrx_word' id='word_1_830' title='bbox 1468 2848 1621 2883; x_wconf 75' lang='lat' dir='ltr'><em>Barbatt.</em></span> <span class='ocrx_word' id='word_1_831' title='bbox 1632 2848 1674 2883; x_wconf 90' lang='lat' dir='ltr'><em>de</em></span> <span class='ocrx_word' id='word_1_832' title='bbox 1686 2846 1788 2883; x_wconf 83' lang='lat' dir='ltr'><em>divis.</em></span> <span class='ocrx_word' id='word_1_833' title='bbox 1799 2844 2127 2892; x_wconf 65' lang='lat' dir='ltr'><em>fru&amp;.par.2.cap.9.</em></span> 
     </span>
     <span class='ocr_line' id='line_1_128' title="bbox 1296 2891 2125 2931; baseline 0 -2"><span class='ocrx_word' id='word_1_834' title='bbox 1296 2905 1351 2929; x_wconf 86' lang='lat' dir='ltr'><em>n.1</em></span> <span class='ocrx_word' id='word_1_835' title='bbox 1361 2894 1470 2929; x_wconf 86' lang='lat' dir='ltr'><em>1.circ.</em></span> <span class='ocrx_word' id='word_1_836' title='bbox 1485 2893 1532 2928; x_wconf 83' lang='lat' dir='ltr'><em>fin</em></span> <span class='ocrx_word' id='word_1_837' title='bbox 1547 2892 1697 2930; x_wconf 71' lang='lat' dir='ltr'><em>verssnon</em></span> <span class='ocrx_word' id='word_1_838' title='bbox 1711 2894 1843 2931; x_wconf 83' lang='lat' dir='ltr'><em>obstat,</em></span> <span class='ocrx_word' id='word_1_839' title='bbox 1857 2896 1891 2926; x_wconf 89' lang='lat'>&amp;</span> <span class='ocrx_word' id='word_1_840' title='bbox 1906 2891 2022 2928; x_wconf 71' lang='lat' dir='ltr'><em>verfiin</em></span> <span class='ocrx_word' id='word_1_841' title='bbox 2035 2892 2125 2931; x_wconf 80' lang='lat' dir='ltr'><em>casu.</em></span> 
     </span>
     <span class='ocr_line' id='line_1_129' title="bbox 1156 2940 2122 2989; baseline -0.003 -11"><span class='ocrx_word' id='word_1_842' title='bbox 1156 2947 1223 2987; x_wconf 86' lang='lat'><em>463</em></span> <span class='ocrx_word' id='word_1_843' title='bbox 1251 2947 1356 2976; x_wconf 72' lang='lat' dir='ltr'><em>Hares</em></span> <span class='ocrx_word' id='word_1_844' title='bbox 1361 2949 1531 2986; x_wconf 78' lang='lat' dir='ltr'><em>gravatus</em></span> <span class='ocrx_word' id='word_1_845' title='bbox 1546 2941 1677 2986; x_wconf 83' lang='lat' dir='ltr'><em>fructus</em></span> <span class='ocrx_word' id='word_1_846' title='bbox 1694 2941 1825 2989; x_wconf 83' lang='lat' dir='ltr'><em>percipit</em></span> <span class='ocrx_word' id='word_1_847' title='bbox 1842 2940 1962 2973; x_wconf 87' lang='lat' dir='ltr'><em>ratione</em></span> <span class='ocrx_word' id='word_1_848' title='bbox 1971 2941 2122 2975; x_wconf 86' lang='lat' dir='ltr'><em>dominii.</em></span> 
     </span>
     <span class='ocr_line' id='line_1_130' title="bbox 1155 2982 2126 3034; baseline -0.004 -8"><span class='ocrx_word' id='word_1_849' title='bbox 1155 2995 1227 3034; x_wconf 83' lang='grc'><em>464</em></span> <span class='ocrx_word' id='word_1_850' title='bbox 1249 2990 1432 3024; x_wconf 85' lang='lat' dir='ltr'><em>Dominium</em></span> <span class='ocrx_word' id='word_1_851' title='bbox 1441 2988 1504 3034; x_wconf 88' lang='lat' dir='ltr'><em>ipso</em></span> <span class='ocrx_word' id='word_1_852' title='bbox 1519 2987 1589 3033; x_wconf 69' lang='lat' dir='ltr'><em>jure</em></span> <span class='ocrx_word' id='word_1_853' title='bbox 1599 2988 1710 3034; x_wconf 83' lang='lat' dir='ltr'><em>tranfit</em></span> <span class='ocrx_word' id='word_1_854' title='bbox 1725 2989 1756 3022; x_wconf 94' lang='lat' dir='ltr'><em>in</em></span> <span class='ocrx_word' id='word_1_855' title='bbox 1764 2982 1945 3030; x_wconf 67' lang='lat' dir='ltr'><em>successores</em></span> <span class='ocrx_word' id='word_1_856' title='bbox 1953 2985 2126 3022; x_wconf 67' lang='lat' dir='ltr'><em>bonorum-⁹</em></span> 
     </span>
     <span class='ocr_line' id='line_1_131' title="bbox 1300 3035 1636 3077; baseline -0.003 -7"><span class='ocrx_word' id='word_1_857' title='bbox 1300 3041 1420 3070; x_wconf 69' lang='lat' dir='ltr'><em>Coronat</em></span> <span class='ocrx_word' id='word_1_858' title='bbox 1435 3036 1468 3068; x_wconf 89' lang='lat' dir='ltr'><em>in</em></span> <span class='ocrx_word' id='word_1_859' title='bbox 1481 3035 1612 3077; x_wconf 76' lang='lat' dir='ltr'><em>Castella</em></span> <span class='ocrx_word' id='word_1_860' title='bbox 1626 3059 1636 3069; x_wconf 83' lang='lat'><strong>.</strong></span> 
     </span>
    </p>
   </div>
   <div class='ocr_carea' id='block_1_6' title="bbox 1118 3078 2124 3129">
    <p class='ocr_par' dir='ltr' id='par_1_47' title="bbox 1118 3078 2124 3129">
     <span class='ocr_line' id='line_1_132' title="bbox 1118 3078 2124 3129; baseline -0.003 -10"><span class='ocrx_word' id='word_1_861' title='bbox 1118 3092 1119 3095; x_wconf 74' lang='grc'>’</span> <span class='ocrx_word' id='word_1_862' title='bbox 1156 3090 1224 3129; x_wconf 86' lang='grc'><em>465</em></span> <span class='ocrx_word' id='word_1_863' title='bbox 1251 3082 1433 3119; x_wconf 87' lang='lat' dir='ltr'><em>Dominium</em></span> <span class='ocrx_word' id='word_1_864' title='bbox 1446 3078 1667 3125; x_wconf 81' lang='lat' dir='ltr'><em>fideicommiffi</em></span> <span class='ocrx_word' id='word_1_865' title='bbox 1677 3078 1842 3123; x_wconf 84' lang='lat' dir='ltr'><em>transferri</em></span> <span class='ocrx_word' id='word_1_866' title='bbox 1851 3079 1959 3125; x_wconf 83' lang='lat' dir='ltr'><em>nequit</em></span> <span class='ocrx_word' id='word_1_867' title='bbox 1976 3079 2010 3115; x_wconf 88' lang='lat' dir='ltr'><em>in</em></span> <span class='ocrx_word' id='word_1_868' title='bbox 2023 3080 2124 3116; x_wconf 87' lang='lat' dir='ltr'><em>alium</em></span> 
     </span>
    </p>
   </div>
   <div class='ocr_carea' id='block_1_7' title="bbox 1154 3136 2129 3451">
    <p class='ocr_par' dir='ltr' id='par_1_48' title="bbox 1294 3136 1573 3174">
     <span class='ocr_line' id='line_1_133' title="bbox 1294 3136 1573 3174; baseline -0.011 -11"><span class='ocrx_word' id='word_1_869' title='bbox 1294 3136 1404 3174; x_wconf 78' lang='lat' dir='ltr'><em>prater</em></span> <span class='ocrx_word' id='word_1_870' title='bbox 1415 3137 1551 3163; x_wconf 87' lang='lat' dir='ltr'><em>vocatos</em></span> <span class='ocrx_word' id='word_1_871' title='bbox 1563 3151 1573 3160; x_wconf 89' lang='lat'><strong>.</strong></span> 
     </span>
    </p>

    <p class='ocr_par' dir='ltr' id='par_1_49' title="bbox 1155 3170 1895 3219">
     <span class='ocr_line' id='line_1_134' title="bbox 1155 3170 1895 3219; baseline -0.007 -7"><span class='ocrx_word' id='word_1_872' title='bbox 1155 3180 1226 3219; x_wconf 82' lang='lat'><em>466</em></span> <span class='ocrx_word' id='word_1_873' title='bbox 1250 3176 1433 3212; x_wconf 88' lang='lat' dir='ltr'><em>Dominium</em></span> <span class='ocrx_word' id='word_1_874' title='bbox 1443 3185 1503 3209; x_wconf 88' lang='lat' dir='ltr'><em>non</em></span> <span class='ocrx_word' id='word_1_875' title='bbox 1512 3170 1608 3219; x_wconf 61' lang='lat' dir='ltr'><em>potes}</em></span> <span class='ocrx_word' id='word_1_876' title='bbox 1621 3170 1676 3217; x_wconf 78' lang='lat' dir='ltr'><em>effe</em></span> <span class='ocrx_word' id='word_1_877' title='bbox 1690 3173 1724 3207; x_wconf 89' lang='lat' dir='ltr'><em>in</em></span> <span class='ocrx_word' id='word_1_878' title='bbox 1730 3173 1876 3219; x_wconf 88' lang='lat' dir='ltr'><em>pendenti</em></span> <span class='ocrx_word' id='word_1_879' title='bbox 1885 3196 1895 3207; x_wconf 88' lang='lat'><strong>.</strong></span> 
     </span>
    </p>

    <p class='ocr_par' dir='ltr' id='par_1_50' title="bbox 1154 3217 2127 3311">
     <span class='ocr_line' id='line_1_135' title="bbox 1154 3217 2127 3266; baseline -0.001 -10"><span class='ocrx_word' id='word_1_880' title='bbox 1154 3227 1224 3266; x_wconf 85' lang='lat'><em>467</em></span> <span class='ocrx_word' id='word_1_881' title='bbox 1251 3220 1378 3263; x_wconf 82' lang='lat' dir='ltr'><em>Divisio</em></span> <span class='ocrx_word' id='word_1_882' title='bbox 1401 3220 1441 3252; x_wconf 90' lang='lat' dir='ltr'><em>ad</em></span> <span class='ocrx_word' id='word_1_883' title='bbox 1445 3219 1605 3260; x_wconf 87' lang='lat' dir='ltr'><em>summum</em></span> <span class='ocrx_word' id='word_1_884' title='bbox 1617 3221 1752 3254; x_wconf 85' lang='lat' dir='ltr'><em>intraret</em></span> <span class='ocrx_word' id='word_1_885' title='bbox 1770 3221 1803 3254; x_wconf 87' lang='lat' dir='ltr'><em>in</em></span> <span class='ocrx_word' id='word_1_886' title='bbox 1815 3217 2026 3266; x_wconf 73' lang='lat' dir='ltr'><em>majoratibus</em></span> <span class='ocrx_word' id='word_1_887' title='bbox 2041 3245 2051 3261; x_wconf 88' lang='lat'><strong>,</strong></span> <span class='ocrx_word' id='word_1_888' title='bbox 2070 3219 2127 3264; x_wconf 90' lang='lat' dir='ltr'><em>seu</em></span> 
     </span>
     <span class='ocr_line' id='line_1_136' title="bbox 1290 3262 1783 3311; baseline -0.002 -10"><span class='ocrx_word' id='word_1_889' title='bbox 1290 3262 1527 3309; x_wconf 79' lang='lat' dir='ltr'><em>fideicommiffis</em></span> <span class='ocrx_word' id='word_1_890' title='bbox 1539 3265 1764 3311; x_wconf 74' lang='lat' dir='ltr'><em>Hispaniarum</em></span> <span class='ocrx_word' id='word_1_891' title='bbox 1774 3290 1783 3300; x_wconf 93' lang='lat'>.</span> 
     </span>
    </p>

    <p class='ocr_par' dir='ltr' id='par_1_51' title="bbox 1157 3309 2126 3359">
     <span class='ocr_line' id='line_1_137' title="bbox 1157 3309 2126 3359; baseline 0.001 -11"><span class='ocrx_word' id='word_1_892' title='bbox 1157 3321 1204 3359; x_wconf 87' lang='lat'><em>46</em></span> <span class='ocrx_word' id='word_1_893' title='bbox 1209 3318 1227 3351; x_wconf 84' lang='lat'>8</span> <span class='ocrx_word' id='word_1_894' title='bbox 1253 3319 1290 3349; x_wconf 91' lang='lat' dir='ltr'><em>ln</em></span> <span class='ocrx_word' id='word_1_895' title='bbox 1302 3309 1589 3357; x_wconf 79' lang='lat' dir='ltr'><em>Beneficiofimplici</em></span> <span class='ocrx_word' id='word_1_896' title='bbox 1599 3312 1721 3348; x_wconf 90' lang='lat' dir='ltr'><em>nullum</em></span> <span class='ocrx_word' id='word_1_897' title='bbox 1729 3324 1806 3348; x_wconf 92' lang='lat' dir='ltr'><em>onus</em></span> <span class='ocrx_word' id='word_1_898' title='bbox 1816 3312 1999 3357; x_wconf 84' lang='lat' dir='ltr'><em>considerari</em></span> <span class='ocrx_word' id='word_1_899' title='bbox 2020 3313 2126 3350; x_wconf 83' lang='lat' dir='ltr'><em>valet.</em></span> 
     </span>
    </p>

    <p class='ocr_par' dir='ltr' id='par_1_52' title="bbox 1160 3355 2129 3451">
     <span class='ocr_line' id='line_1_138' title="bbox 1160 3355 2129 3408; baseline 0.004 -15"><span class='ocrx_word' id='word_1_900' title='bbox 1160 3367 1231 3408; x_wconf 77' lang='lat'><em>469</em></span> <span class='ocrx_word' id='word_1_901' title='bbox 1254 3366 1391 3397; x_wconf 71' lang='lat' dir='ltr'><em>Fructus</em></span> <span class='ocrx_word' id='word_1_902' title='bbox 1398 3355 1620 3403; x_wconf 76' lang='lat' dir='ltr'><em>fideicommiffi</em></span> <span class='ocrx_word' id='word_1_903' title='bbox 1633 3359 1756 3395; x_wconf 85' lang='lat' dir='ltr'><em>nullum</em></span> <span class='ocrx_word' id='word_1_904' title='bbox 1767 3358 1912 3405; x_wconf 78' lang='lat' dir='ltr'><em>habentis</em></span> <span class='ocrx_word' id='word_1_905' title='bbox 1921 3371 1999 3396; x_wconf 90' lang='lat' dir='ltr'><em>onus</em></span> <span class='ocrx_word' id='word_1_906' title='bbox 2011 3373 2071 3395; x_wconf 69' lang='lat' dir='ltr'><em>iton</em></span> <span class='ocrx_word' id='word_1_907' title='bbox 2082 3362 2129 3398; x_wconf 87' lang='lat' dir='ltr'><em>di-</em></span> 
     </span>
     <span class='ocr_line' id='line_1_139' title="bbox 1301 3407 2091 3451; baseline -0.001 -10"><span class='ocrx_word' id='word_1_908' title='bbox 1301 3407 1479 3442; x_wconf 85' lang='lat' dir='ltr'><em>viduntur.</em></span> <span class='ocrx_word' id='word_1_909' title='bbox 1942 3417 2014 3451; x_wconf 87' lang='grc'><em>470</em></span> <span class='ocrx_word' id='word_1_910' title='bbox 2031 3414 2091 3451; x_wconf 68' lang='lat' dir='ltr'><em>Re-</em></span> 
     </span>
    </p>
   </div>
  </div>
 </body>
</html>
