2295 3757
574 108 673 172 De
700 102 1151 200 Qindenniis‚
1169 106 1330 192 Cap.
1349 106 1595 173 XLIX.

151 216 305 254 uentibus
330 216 389 255 ess‘e
411 219 452 255 dc
467 219 651 266 capitulo,
670 216 810 269 ‘Barbosa
821 216 939 257 axiom.
957 227 1034 261 ¹35·

148 268 274 301 mem-8.

192 312 310 358 Longe*
323 313 465 350 minoris
480 312 662 350 relevantia:
673 310 719 345 est
731 309 914 352 obieetum,
929 309 1028 355 quod

145 366 279 404 tempus
292 361 480 400 divifionis,
499 359 550 395 seu
561 356 810 394 distributionis
826 356 1028 403 quindcnnii

144 408 435 444 retrotrahtndum
449 405 538 443 venit
563 404 608 440 ad
621 413 757 450 tempus
767 403 855 438 iilius
872 413 1027 438 matura-

144 451 247 488 tionis
261 480 269 494 ,
292 455 480 499 debitaeque
493 451 668 486 solutionis
683 476 691 490 ,
713 463 785 498 quo
799 460 948 496 ternpore
962 460 1028 485 an-

79 507 123 541 24
148 500 235 546 tiqui
250 501 415 537 Canonici
429 499 590 544 tanquam
603 498 715 534 adht‘ic
727 499 760 533 in
775 497 932 533 humanis
947 521 957 536 .
970 508 1025 532 ca-

145 558 244 591 paces
261 557 355 584 erant
375 544 565 592 acquirendi
585 548 784 581 cosin-atam
800 544 1026 591 quindennis-

144 597 210 629 lem
220 596 263 630 ad
277 594 399 630 tradita
410 590 676 637 pet-Altesserrde
687 592 803 635 siflion.
817 593 878 636 jur.
893 600 986 626 tract.
996 603 1023 626 ι.

146 649 204 687 cap
222 654 250 677 1.
260 651 314 689 per
325 649 379 676 tot.
397 638 477 684 quia
488 640 531 674 ad
546 640 612 674 hoc
624 649 661 675 ut
676 641 776 675 intret
787 639 1001 674 retrotraetio
1013 664 1022 678 ‚

145 700 212 723 non
237 689 335 723 debet
354 686 512 731 impediri
526 687 723 729 coniunctio
744 686 1022 722 exstremorunL,

77 743 115 775 ις
146 746 200 780 per
218 733 441 780 superveniens
466 734 675 769 obstaculum
693 760 702 774 ,
723 733 834 780 qualis
857 732 902 767 est
929 742 1020 765 mors

141 781 392 817 canonicorum
407 805 416 820 ,
440 793 511 827 qux
523 779 604 817 facit
615 807 624 820 ‚
642 781 738 828 quod
753 782 849 815 aetus
865 787 1020 814 retrotra-

139 829 211 864 etus
225 839 292 862 non
308 827 409 871 poffit
420 838 500 863 tunc
511 853 520 867 ,
546 829 694 864 inchoari
710 828 757 863 ob
771 825 908 861 extremi
925 824 1020 859 inha-

139 874 304 910 bilitatem
331 874 365 910 in
394 875 506 910 nostro
518 874 592 910 casu
617 887 672 921 per
684 873 1017 919 supervenientianL,

137 922 268 962 mortis,
283 921 369 962 Costa
383 925 418 957 de
429 924 654 958 reiron-astion.
665 930 915 967 cap.7.n.2.cum
924 920 946 961 s
943 930 1012 966 eqq.

184 969 340 1010 Eiusdem
354 968 487 1005 furfuris
505 971 551 1004 est
563 968 764 1015 ponderatio
775 991 784 1005 ‚
803 967 901 1010 quod
917 966 1012 1001 sicuti

137 1014 340 1053 canonicus
351 1016 546 1053 transmittit
565 1016 610 1050 ad
622 1015 764 1050 haeredes
784 1016 837 1057 ius
851 1013 1012 1059 exigendi

135 1064 159 1098 5
173 1066 335 1110 capitulo
357 1064 612 1100 distributiones
626 1061 849 1108 quotidianas
871 1061 929 1096 fibi
945 1061 1012 1096 in.»

54 1114 114 1149 -16
140 1112 210 1147 vita
220 1124 289 1148 non
301 1109 436 1151 solutas,
451 1110 518 1145 five*
528 1110 699 1146 inexaecss
710 1120 773 1155 pro
800 1119 848 1143 ter
864 1107 1011 1143 difficul-

137 1168 243 1195 tatem
262 1160 436 1205 exigendi,
461 1157 529 1192 five*
551 1169 592 1193 ex
612 1158 678 1192 alia
701 1168 764 1191 cau
780 1167 819 1195 a,
843 1157 1010 1191 Muraenae

135 1205 345 1250 distribution.
358 1206 477 1254 quotid.
487 1213 580 1251 parte
593 1218 619 1240 z.
636 1203 727 1251 qnaesi
744 1208 877 1254 32.nu.6
884 1216 913 1247 7.
927 1202 1010 1248 quia

134 1257 214 1291 cum
236 1252 442 1301 quindennia
456 1251 630 1291 inexacta,
652 1252 714 1286 tint
734 1254 860 1287 tructus
874 1251 985 1285 civiles
998 1275 1008 1290 ,

135 1310 239 1348 prout
252 1300 333 1336 talia
344 1298 417 1334 sunt
426 1298 642 1338 laudemia,1'n
654 1310 802 1344 quorum
817 1301 928 1333 locum
943 1295 1012 1332 suc-

134 1347 316 1387 cesserunt,
340 1346 499 1381 dicuntur
510 1343 638 1382 frudus
660 1346 862 1391 pendentes,
886 1348 920 1380 δε
942 1353 1015 1379 tan-

67 1403 111 1439 17
136 1395 241 1443 quarn
255 1395 338 1430 tales
360 1394 393 1428 in
409 1402 523 1428 totum
540 1391 688 1438 spectant
709 1391 754 1428 ad
767 1391 959 1429 successores
980 1393 1014 1425 in

134 1440 312 1478 Beneficiis
325 1465 334 1479 ,
363 1452 430 1475 non
445 1451 556 1475 autem
570 1438 844 1476 transmittuntur
855 1439 899 1476 ad
915 1439 1016 1473 haere-

135 1489 198 1526 des
214 1487 495 1523 Beneficiatorum
509 1485 748 1522 antecessorum
761 1513 770 1526 ,
801 1488 900 1522 veluti
929 1489 963 1522 in
977 1485 1016 1520 fi-

136 1534 209 1573 mili
232 1534 274 1570 de
288 1534 466 1569 laudemiis
487 1534 591 1579 Noal.
610 1536 647 1569 de
658 1532 872 1578 transmiffion.
885 1542 1018 1580 cap-70·

136 1586 205 1619 n.6.
217 1579 362 1623 circcifin.
375 1581 531 1623 versiculo
544 1581 572 1626 si
587 1582 667 1616 vero
676 1581 757 1617 tales
762 1582 839 1625 sunt
850 1607 859 1621 ,
886 1585 917 1615 ὅ(
932 1581 1015 1628 quia

136 1628 351 1666 retrotrafflo
366 1639 434 1663 non
445 1628 484 1662 fit
505 1628 539 1662 in
551 1627 782 1672 praeiudicium
797 1639 912 1663 eorum
927 1653 936 1667 ,
956 1627 1018 1673 qui

137 1674 255 1712 medio
268 1685 418 1720 tempore
429 1676 481 1717 ius
493 1675 741 1722 acquifiverunt
751 1686 808 1721 per
820 1674 1018 1719 assumptio-

136 1735 212 1759 nem
227 1722 457 1767 capitularem
470 1746 479 1760 ‚
496 1732 534 1756 ut
547 1721 621 1757 sunt
631 1722 712 1758 novi
724 1722 891 1758 canonici
903 1745 914 1762 ‚
928 1721 1017 1766 cosi-z

135 1772 173 1808 de
182 1771 360 1806 retrotran.
373 1769 574 1817 cap.8.cas.2.
588 1781 639 1804 n.1
650 1781 680 1805 1.

122 1887 947 1938 ARGUMENTUM.

187 2003 448 2050 andennium
463 2017 503 2041 ex
513 2004 639 2051 praedio
651 2005 839 2042 Beneficiali
851 2005 1016 2047 debitum,

138 2063 198 2098 per
211 2051 457 2088 Beneficiatum
483 2054 517 2087 in
527 2053 780 2098 Emphyteufim
793 2055 908 2088 manui
927 2065 1017 2090 rnor-

139 2109 205 2134 tuae
215 2098 367 2134 conceflb
376 2122 385 2137 ‚
400 2103 432 2134 δι
445 2111 502 2144 pet
513 2101 655 2134 eundem
667 2099 926 2143 praedefunstum
943 2113 1015 2138 non

137 2148 294 2181 exactum
307 2169 316 2184 ‚
331 2146 480 2182 debetur
496 2142 666 2181 successori
680 2146 714 2181 in
728 2147 898 2182 Beneficio
909 2172 919 2187 ,
946 2160 1014 2185 non

136 2203 252 2228 autem
267 2192 450 2229 haeredibus
462 2193 609 2238 praeditsti
634 2195 741 2230 ultimi
756 2193 947 2230 Beneficiati
957 2221 967 2231 .

275 2288 780 2325 SUMMARIUM.

93 2392 108 2417 1
137 2384 176 2418 In
191 2381 354 2426 Beneficiis
368 2382 482 2429 sapitis
494 2383 606 2418 haberi
612 2383 713 2426 solent
732 2385 850 2430 pradia
869 2383 990 2421 urbana
1002 2409 1012 2424 ,

184 2439 242 2465 aut
252 2429 366 2474 rustica
377 2430 503 2474 ruinosa
515 2455 525 2471 ,
552 2430 611 2465 vel
619 2431 739 2466 inculta
752 2455 761 2469 ,
786 2431 844 2467 vel
859 2434 953 2468 nimis
966 2446 1015 2468 re-

183 2485 268 2511 mota
279 2502 289 2510 .

87 2537 108 2560 2
133 2522 341 2565 Benefici-‘atus
358 2523 453 2571 potest
456 2525 595 2570 fundum
617 2525 882 2571 emphyteuticam
904 2529 945 2563 ad
957 2529 1015 2563 vi-

181 2579 249 2605 tam
261 2593 270 2607 ‚
286 2570 344 2604 vel
357 2573 391 2605 in
399 2580 587 2617 perpetuum
599 2583 669 2605 cum
680 2574 877 2619 Beneplacito
887 2599 897 2609 .

90 2629 106 2661 3
135 2618 278 2653 Heredes
288 2615 542 2658 Beneficiatorum
554 2628 716 2653 vocantur
723 2620 876 2666 prophani
888 2632 905 2656 .’

87 2677 112 2709 4
135 2663 226 2709 Jura
240 2688 250 2702 ,
275 2666 317 2700 (θ’
330 2666 463 2698 ustiones
475 2667 567 2708 trans
563 2674 636 2700 eunt
649 2667 682 2700 in
694 2666 828 2702 haeredes
839 2693 848 2702 .

89 2723 107 2755 5
134 2712 344 2747 Laudemium
355 2735 364 2748 ‚
388 2713 430 2747 ἴα·
442 2715 580 2746 canones
595 2724 652 2746 non
664 2715 770 2748 exusti
778 2723 835 2760 per
847 2715 1013 2758 Beneficia·

179 2767 249 2794 tum
262 2783 270 2798 ‚
284 2756 433 2792 debentur
437 2757 603 2804 successori
612 2761 645 2792 in
658 2759 806 2803 Beneficio
819 2787 828 2795 .

85 2808 108 2842 6
133 2807 268 2841 Frufius
277 2805 445 2851 pendentes
456 2805 598 2851 Episcopi
607 2807 758 2842 translati
767 2831 777 2846 ‚
797 2807 947 2845 debentur
958 2823 1012 2847 no-

177 2863 225 2887 vo
238 2851 389 2898 Episcopo
406 2875 416 2889 ‚
433 2863 493 2885 non
507 2861 612 2886 autem
624 2854 776 2889 translato
793 2880 802 2889 .
942 2864 944 2866 ’

82 2910 106 2942 7
132 2899 329 2946 Qindennia
343 2907 605 2933 connumerantur
613 2901 695 2934 inter
698 2901 828 2944 frut‘lus
845 2903 988 2946 Beneficii
1001 2928 1012 2939 .

85 2948 109 2982 8
133 2948 268 2982 fruetus
290 2957 348 2982 non
371 2946 477 2981 exani
499 2947 627 2991 acquiri
659 2958 814 2994 nequeunt
839 2949 1013 2986 haeredibus

185 2991 366 3035 Beictsiciati
378 3017 388 3028 .

85 3051 110 3084 9
138 3040 340 3080 Bencsiciatus
352 3038 445 3076 habet
462 3038 514 3082 ius
526 3041 650 3077 tannim
663 3043 790 3082 utendi,
812 3043 993 3086 &fruendi
1003 3068 1013 3078 .

68 3098 113 3129 1⁸0
136 3084 212 3130 Jus
221 3088 540 3131 percipiendifrubius
554 3088 700 3130 Beneficii
710 3087 822 3129 finitur
834 3099 932 3125 morte
942 3116 952 3124 .

68 3144 84 3168 1
94 3146 109 3170 1
137 3131 213 3177 Jus
222 3155 232 3168 ‚
254 3135 336 3178 quod
349 3133 387 3176 esi
401 3136 435 3169 in'
438 3134 493 3180 spe
503 3159 514 3173 ,
535 3146 595 3170 non
606 3137 723 3171 dicitur
738 3135 874 3171 inbonis
883 3136 992 3180 nosiris
1005 3163 1014 3171 .

66 3192 85 3216 1
93 3193 111 3216 2
136 3175 338 3220 Beneficiatus
349 3183 494 3215 decedens
503 3182 576 3216 ante*
581 3182 708 3226 fructus
728 3183 914 3223 recollectos,
925 3184 1015 3226 &fic

181 3224 254 3260 ante
264 3226 446 3271 quindenatii
458 3229 768 3274 perceptionem,illos
779 3242 837 3265 non
843 3230 924 3273 facit
929 3231 1014 3274 suos.

67 3285 107 3317 13
138 3272 371 3320 ,Quindenm'um
384 3275 434 3307 uti
445 3274 602 3317 confistens
627 3277 659 3310 in
670 3277 803 3322 pecunia
818 3302 828 3316 ‚
844 3278 957 3313 veritis
970 3280 1017 3313 di-

181 3320 265 3354 citur
275 3318 405 3363 pendere
421 3343 431 3358 ,
453 3321 613 3366 quousque
631 3322 795 3364 nonfuerit
805 3332 986 3370 perceptum
1003 3351 1013 3360 .

69 3378 114 3414 14
136 3362 345 3410 Beneficiatus
354 3365 509 3412 disponere
516 3368 626 3411 nequit
639 3369 675 3403 de
680 3367 844 3412 fructibus
858 3370 1013 3414 Beneficii.

1866 135 1983 194 Ῐ77

1123 229 1161 262 15
1190 220 1393 264 „Qvaindennia
1408 222 1446 251 ›31‹
1475 234 1479 237 ²
1505 229 1553 254 vta
1567 245 1574 257 ,
1597 220 1749 264 tanqua'm
1769 223 1894 265 fruitus
1921 226 2031 268 Bcncsit
2039 229 2062 261 ii

1232 265 1381 301 debentur
1393 264 1556 312 successori
1569 271 1600 300 in
1615 266 1762 307 Benesicio
1778 292 1786 302 .

1118 315 1159 348 16
1183 316 1256 355 'Nec
1270 311 1519 358 dillinguendum
1543 323 1623 349 inter
1638 313 1860 356 Bcntficiatum
1869 317 2040 364 simplicem
2055 345 2064 360 ‚

1235 370 1278 396 (7·
1291 364 1444 395 Curatum
1459 385 1467 394 .

1112 415 1154 447 17
1182 407 1381 452 „Quindcnnia
1405 406 1559 455 tauqudm
1575 408 1702 450 fructus
1725 421 1785 443 non
1798 409 1934 457 laycales
1957 416 2064 456 acqui-

1227 454 1513 500 runturs'uccessori
1529 457 1562 488 in
1577 454 1727 497 Beneficio
1742 481 1750 489 .

1112 509 1124 532 1
1134 499 1153 533 8
1179 499 1274 546 Qod
1285 509 1379 534 etiam
1390 502 1435 535 ita*
1448 503 1606 536 decretum
1616 503 1681 543 suit
1697 504 1877 539 Mediolani
1887 528 1896 538 .

1110 556 1153 588 19
1178 546 1271 580 Bulla
1283 545 1379 592 Julii
1389 550 1452 582 ΙΙΙ.
1474 548 1566 593 super
1575 548 1738 590 sructhus
1761 552 1918 585 inexactis
1943 553 2060 587 etiarm

1225 594 1363 638 procedit
1386 596 1419 628 in
1436 593 1591 636 Beneficiis
1615 597 1740 630 Ordinis
1765 598 2039 645 HIerosolymitani
2051 623 2059 632 .

1109 651 1152 674 20
1179 639 1377 685 ,Quindennia
1390 643 1471 675 inter
1474 640 1603 682 fructus
1617 642 1756 683 Bemficii
1776 647 1897 691 percipi
1904 645 1998 686 solita
2009 649 2060 680 der

1224 685 1336 721 bentur
1341 686 1505 734 successori
1517 689 1549 721 in
1563 687 1709 730 Beneficio
1723 693 1819 726 etiam
1830 696 1946 738 vigore
1960 693 2057 727 Bulla

1234 734 1330 780 Jum
1343 740 1406 769 111.

1106 793 1143 815 21
1173 781 1274 815 Hodie
1285 791 1339 824 per
1354 783 1471 817 dictam
1490 781 1616 817 Bullam
1630 794 1680 817 res
1692 785 1727 818 de
1736 785 1829 829 plano
1845 786 1883 824 esi
1896 812 1905 821 .

1106 840 1147 862 22
1174 833 1308 861 Fructus
1331 828 1474 871 Beneficii
1496 829 1642 873 resignati
1657 854 1665 868 ‚
1688 829 1762 874 sive
1783 831 1892 874 dimissi
1908 842 1963 879 per
1983 833 2057 880 asse-

1219 876 1402 920 quutionem
1414 875 1547 910 alterius
1561 901 1569 915 ‚
1595 877 1666 912 ante
1678 886 1783 912 tamen
1796 879 2028 923 resignationem
2043 906 2053 920 ‚

1212 922 1266 972 seu
1284 920 1481 964 dimiffionem
1501 924 1634 958 nondum
1647 927 1784 970 percepti
1793 924 1935 969 spectant
1957 931 1996 962 ad
2012 941 2058 962 re-

1209 968 1423 1012 signatarium
1437 994 1446 1003 .

1097 1024 1136 1058 23
1158 1015 1253 1049 Bulla
1273 1014 1370 1061 Julii
1382 1019 1449 1050 III.
1474 1028 1535 1052 non
1549 1014 1695 1063 :procedit
1706 1043 1716 1059 ,
1743 1018 1797 1064 nisi
1817 1021 1849 1054 in
1873 1019 2055 1062 Beneficiato

1215 1071 1340 1097 mortuo
1358 1086 1368 1095 .

1095 1119 1141 1152 24
1166 1113 1258 1143 Mors
1269 1108 1384 1144 civilis
1396 1123 1454 1146 non
1464 1109 1558 1157 potes}
1571 1114 1696 1158 operari
1705 1111 1873 1160 plusqua'm
1885 1116 2053 1151 naturalis.

1095 1167 1136 1196 25
1166 1157 1261 1201 Qod
1273 1168 1331 1191 non
1347 1157 1384 1195 esi
1399 1158 1502 1193 adhuc
1517 1168 1666 1193 exactum
1677 1184 1686 1198 ‚
1713 1173 1772 1196 non
1785 1163 1902 1196 dicitur
1914 1161 2052 1204 fructus.

1093 1207 1137 1237 26
1164 1204 1395 1248 ,quindennimn
1406 1203 1499 1240 habet
1508 1214 1648 1240 tractum
1659 1207 1675 1249 s
1675 1206 1866 1251 ucceffivum
1882 1233 1891 1242 .

1096 1261 1138 1292 27
1164 1252 1179 1279 I
1183 1261 1203 1283 n
1214 1254 1236 1284 C
1239 1252 1394 1286 atdedrali
1406 1256 1436 1287 V
1437 1251 1575 1287 alencina
1588 1261 1714 1291 Statuto
1726 1265 1874 1294 cavetur.
1890 1254 1972 1301 quod
1982 1256 2056 1299 sru-

1211 1305 1281 1332 ctus
1297 1297 1519 1340 Beneficiorum
1531 1303 1722 1336 vacantium
1735 1305 1766 1337 in
1777 1303 1946 1340 Valentina
1970 1306 2053 1338 οἰα-

1213 1343 1269 1388 cesi
1279 1344 1376 1391 usque
1388 1347 1428 1380 ad
1439 1347 1622 1381 decennium
1630 1357 1685 1393 per
1694 1362 1811 1386 annum
1821 1359 2054 1385 convertantur

1218 1392 1249 1424 in
1263 1390 1444 1437 necessarios
1458 1394 1493 1433 us
1495 1405 1534 1427 us
1537 1392 1673 1436 fabricio
1685 1421 1695 1430 .

1097 1440 1141 1475 28
1166 1444 1304 1474 Fructus
1321 1440 1376 1480 ,rei
1389 1440 1526 1475 venditae
1546 1441 1649 1476 adhu‘c
1666 1446 1831 1489 pendentes
1847 1444 1988 1490 spectant
2010 1447 2052 1479 ad

1218 1490 1396 1530 Emptorem
1410 1511 1418 1520 .

1100 1544 1144 1577 29
1169 1538 1307 1567 Fructus
1321 1535 1482 1578 pendentes
1501 1534 1640 1578 infundo
1656 1537 1761 1583 legato
1777 1539 1938 1581 transeunt
1958 1540 1990 1573 in
2010 1538 2053 1574 le-

1210 1581 1374 1625 gatarium
1388 1605 1396 1619 ‚
1421 1590 1515 1627 prout
1528 1581 1637 1625 transit
1652 1584 1702 1630 ips
1699 1597 1714 1618 e
1719 1586 1842 1629 fundus
1855 1611 1865 1620 .

1101 1637 1146 1671 30
1171 1628 1284 1662 Omnia
1297 1651 1306 1664 ,
1322 1637 1388 1673 quae
1402 1639 1460 1662 non
1469 1628 1546 1671 sunt
1557 1639 1680 1670 exacta,
1694 1634 1832 1667 veniunt
1844 1632 2052 1678 appellatione

1217 1673 1412 1709 hereditatis
1428 1699 1437 1707 .

1102 1731 1120 1765 3
1129 1733 1143 1757 1
1173 1726 1310 1756 Fructus
1322 1723 1486 1766 pendentes
1498 1723 1726 1770 Emphyceusis‚
1738 1734 1861 1762 mortuo
1873 1725 2054 1773 emphyteu-

1217 1776 1253 1802 ta
1266 1790 1278 1806 ,
1299 1770 1455 1812 pertinent
1471 1771 1512 1804 ad
1522 1769 1720 1818 s‘ucceJJorem
1736 1773 1938 1819 emphytcufis
1948 1797 1959 1807 .

1102 1826 1145 1859 32
1171 1820 1309 1851 Fructus
1320 1818 1485 1860 pendentes
1495 1816 1584 1859 feudi
1598 1840 1608 1855 ‚
1629 1820 1944 1862 mortuofeudatario
1959 1844 1969 1860 ‚
1993 1833 2052 1856 non

1217 1863 1476 1904 transmittuntur
1494 1866 1535 1898 ad
1547 1863 1870 1910 haeredesfeudatarii
1883 1891 1892 1900 .
1907 1884 1913 1905 ι

1077 1914 1079 1917 ⁴
1102 1920 1143 1954 33
1172 1908 1418 1951 Canonessolum
1439 1913 1469 1944 in
1479 1909 1538 1951 sine
1553 1915 1628 1947 anni
1640 1915 1790 1946 dicuntur
1798 1915 1960 1948 maturati
1971 1939 1982 1948 .

1103 1968 1149 2002 34
1173 1956 1374 2001 Qindennia
1383 1957 1485 1999 solum
1505 1959 1537 1990 in
1545 1958 1611 2002 sine
1628 1957 1799 2003 cuiuslibet
1813 1961 1994 2005 quindenatii
2004 1964 2052 1997 di-

1216 2011 1331 2038 cuntur
1348 2012 1510 2038 maturata
1526 2028 1534 2036 .

1099 2060 1140 2097 35
1166 2055 1307 2084 Fructus
1322 2052 1484 2096 pendentes
1498 2050 1729 2093 usufructuarii
1740 2077 1749 2092 ‚
1763 2052 1851 2093 sinito
1866 2054 2033 2098 usufructu

1215 2098 1340 2150 integre
1347 2098 1490 2144 spectant
1503 2100 1543 2131 ad
1551 2102 1796 2146 proprietarium
1807 2125 1817 2135 .

1098 2154 1144 2193 3⁶
1169 2145 1323 2190 Successor
1333 2146 1368 2178 in
1382 2143 1531 2185 ssmsficio
1546 2148 1583 2183 esi
1597 2146 1686 2190 quasi
1698 2147 1794 2182 haeres
1805 2148 2027 2195 praedecessoris
2038 2175 2049 2186 .

1098 2206 1142 2239 37
1166 2193 1251 2226 Idem
1263 2191 1336 2232 cens
1331 2201 1397 2226 etur
1405 2192 1600 2235 subrogatus
1611 2196 1641 2228 in
1653 2194 1781 2240 juribus
1794 2195 1950 2238 defuncti.

1097 2245 1141 2287 33
1173 2240 1257 2283 Qis
1270 2237 1358 2274 dehet
1369 2238 1424 2284 esse
1430 2237 1623 2283 subrogatus
1635 2243 1739 2285 quoad
1753 2250 1856 2276 totum
1869 2267 1878 2276 .

1097 2299 1141 2333 39
1167 2288 1270 2335 Juris
1281 2287 1536 2332 interpretatione
1554 2288 1671 2324 dicitur
1683 2290 1764 2324 idem
1771 2288 1964 2334 subrogatus
1977 2303 2049 2326 cum

1218 2332 1402 2379 antecessore
1416 2357 1426 2366 .

1095 2395 1142 2428 40
1168 2380 1323 2425 Succeflor
1347 2384 1378 2415 in
1400 2378 1550 2432 Beneficio
1570 2394 1631 2418 non
1652 2383 1684 2417 in
1696 2381 1842 2418 omnibus
1852 2384 2047 2430 repraesentat

1207 2429 1231 2471 s
1228 2440 1303 2462 uum
1317 2428 1530 2473 antecessorem
1543 2454 1553 2464 .

1095 2489 1138 2524 41
1166 2475 1369 2522 Praedecessor
1382 2501 1392 2516 ‚
1418 2480 1460 2512 &
1477 2475 1629 2523 successor
1651 2478 1683 2512 in
1707 2476 1858 2520 Beneficio
1883 2486 2050 2526 reputatur

1214 2535 1279 2558 una
1291 2548 1298 2561 ‚
1314 2525 1480 2570 eademque
1492 2521 1621 2568 persona
1638 2550 1648 2558 .

1094 2584 1140 2617 42
1165 2577 1294 2616 'Novus
1307 2569 1456 2614 Officialzs
1466 2571 1589 2616 explere
1601 2570 1690 2606 debet
1704 2580 1838 2613 tempus,
1853 2574 1937 2618 quod
1948 2573 2047 2617 defuit

1213 2617 1394 2662 antecessori
1407 2621 1438 2652 in
1451 2618 1550 2662 officio
1568 2641 1578 2652 .

1095 2678 1138 2712 43
1156 2666 1277 2706 Exiftes
1292 2667 1322 2698 in
1331 2663 1502 2710 posseffione
1516 2663 1659 2706 Beneficii
1673 2665 1752 2700 vere
1763 2664 2048 2710 dicit.¹1rsuccessor.

1096 2726 1144 2758 44
1168 2712 1254 2749 Citra*
1261 2712 1427 2755 sruciuum
1439 2715 1664 2759 perceptionem
1677 2715 1749 2758 quis
1763 2725 1821 2750 non
1837 2716 1971 2749 videtur
1982 2711 2047 2757 ple-

1213 2759 1249 2794 ne
1262 2760 1396 2803 adeptus
1403 2755 1605 2806 posseffionem
1621 2757 1766 2800 Beneficii
1781 2784 1791 2795 .
1896 2773 1900 2776 ·

1094 2819 1134 2852 45
1167 2810 1235 2845 Vix
1247 2803 1391 2852 poffi'dere
1407 2808 1524 2841 dicitur
1536 2829 1546 2844 ‚
1571 2808 1628 2852 qui
1639 2805 1768 2852 pacifice
1781 2819 1840 2840 non
1849 2801 1974 2851 poffldet
1986 2828 1996 2838 .

1095 2861 1139 2898 46
1165 2852 1270 2891 Verba
1281 2853 1482 2898 intelligenda
1488 2852 1564 2895 sunt
1573 2854 1672 2900 juxta
1677 2852 1738 2896 sub
1743 2855 1852 2895 jectam
1866 2852 2046 2885 materiam.

1092 2914 1138 2946 47
1166 2907 1195 2937 V
1198 2899 1273 2935 erbn
1280 2899 1430 2946 successor
1439 2898 1629 2945 intelligitur
1638 2901 1674 2934 de
1683 2898 1837 2944 effeti‘ttali
1842 2895 1963 2943 success
1961 2910 2012 2932 ore
2029 2922 2038 2931 .

1095 2953 1141 2991 48
1167 2949 1403 2994 Qiindennium
1411 2948 1592 2982 inexattum
1605 2948 1738 2992 pertinet
1750 2945 1791 2977 ad
1799 2942 1998 2990 successorem
2009 2946 2042 2979 in

1215 2992 1364 3035 Beneficio
1375 3018 1386 3033 ‚
1402 2996 1459 3040 qui
1473 2993 1615 3040 juvatur
1629 2991 1751 3035 Regula
1765 3001 1781 3033 3
1791 3001 1821 3032 3.
1835 2991 1969 3026 cancell.

1096 3055 1142 3089 49
1166 3036 1306 3088 Posseffio
1318 3042 1462 3083 Beneficii
1474 3041 1622 3086 capienda
1635 3037 1674 3077 esi
1688 3037 1908 3082 capitulariter
1921 3040 1962 3073 ad
1973 3038 2043 3077 hoc,

1213 3097 1251 3123 ut
1275 3090 1401 3134 exigere
1412 3085 1499 3134 possit
1515 3082 1666 3128 successor
1686 3085 1907 3130 quindennium
1927 3088 2043 3120 inexa-

1208 3137 1300 3172 ,ἑῖιΜι
1313 3137 1346 3170 in
1357 3137 1433 3170 vita
1446 3129 1639 3175 antecessoris
1649 3154 1660 3164 .

1101 3195 1146 3228 50
1170 3187 1207 3217 In
1222 3183 1294 3225 casu
1307 3181 1448 3226 litigiosa
1461 3175 1642 3222 possessionis
1654 3180 1869 3223 apponendum
1892 3178 1932 3223 esi
1937 3179 1962 3222 s
1957 3190 2045 3226 eque-

1210 3229 1309 3270 strum
1325 3229 1348 3271 s
1345 3238 1419 3271 uper
1424 3223 1590 3268 fruc'tibus
1604 3248 1615 3258 .

1098 3290 1112 3322 5
1125 3291 1137 3315 1
1169 3277 1378 3313 Laudemium
1387 3273 1535 3316 penditur
1541 3270 1566 3313 s
1562 3270 1789 3317 equesiratario
1802 3297 1812 3308 .

1099 3338 1114 3369 ς
1124 3339 1139 3362 2
1168 3321 1361 3369 sequestrum
1369 3317 1408 3360 fit
1421 3319 1461 3352 ad
1474 3316 1531 3352 hoc
1546 3342 1554 3358 ‚
1581 3327 1616 3352 ut
1635 3319 1759 3362 sruHus
1773 3318 1976 3362 restituantur
1989 3326 2045 3365 po-

1213 3365 1272 3407 slea'
1291 3366 1411 3401 victori
1424 3389 1434 3399 .

1355 3414 1382 3447 Ζ
1852 3422 1893 3457 53
1920 3417 2002 3448 Fru-
