2295 3757
531 116 630 179 De
647 113 1070 197 Qindenniis
1087 161 1101 185 ,
1133 114 1291 196 Cap.⁴
1309 117 1626 186 LXXIX.

181 226 410 275 pliyteuticarc
421 226 535 262 manui
551 237 701 262 mortue,
715 224 757 258 ab
769 235 875 268 taque
886 224 1051 268 quinden-

110 288 147 324 ¹3
177 288 268 311 nium
284 277 426 328 recipcre
439 300 448 309 .
472 273 624 312 Ouinio,
646 271 893 322 ‹1utitlriitori11
905 272 1049 307 dumno-

176 324 217 358 lis
229 323 358 368 pupillo
373 335 440 357 nou
456 322 596 356 habetur
617 331 679 365 pro
696 318 882 352 Donnnol.
895 316 936 352 ab
950 330 1050 363 agna-

175 380 206 406 to
224 368 429 414 12.l.ftn.ffl‹ic
441 377 586 404 cumton*
594 365 786 411 furios-iqui
796 366 933 407 [undum
946 369 1049 407 7.§=‚Si

174 426 269 452 tutor.
288 428 314 458 3.
329 416 361 462 [f.
374 426 428 462 pro
440 423 568 462 emptor.
585 418 729 447 Montau.
743 415 778 446 ‹le
801 411 890 446 rutel.
906 420 975 456 cap.
995 423 1007 453 3
1022 424 1047 446 ι.

111 478 160 513 ¹4·
177 477 192 498 ι·
215 456 305 499 'cisti
320 475 408 508 nu.5.
426 473 483 497 nec
492 473 530 495 ex
545 461 704 504 petitione
718 457 916 504 qnindennii
935 459 1052 493 invali-

174 464 221 547 (ει
233 535 242 550 ,
271 510 416 545 censetur
431 507 559 544 sublata
582 507 700 540 clcc0ci0
714 504 866 540 beneficii
882 505 1051 550 praelatio-

175 558 226 592 nis
240 582 248 596 ,
265 560 373 602 'Niger
383 559 420 591 de
429 555 552 590 laudem
575 562 648 588 tom.
667 565 678 587 ι
688 578 695 585 .
707 564 820 600 1111-30·
833 563 1001 596 num.135.
1018 555 1049 588 in

171 605 233 649 fine
250 605 376 647 verfiex
384 603 532 649 petitione
543 600 695 635 [audentii
709 625 717 633 .

225 652 332 687 Velim
347 659 458 684 aurem
472 672 480 686 ‚
496 645 650 682 resolutio
666 646 872 693 intelligatur
882 658 959 682 cum
974 658 1051 690 gra-

176 710 223 733 no
236 695 307 733 salis
319 721 328 736 ‚
351 695 445 741 quod
459 695 577 738 nempe
592 694 736 740 pupillus
747 721 755 734 ,
771 699 802 729 δέ
816 695 928 730 minor
942 691 1047 729 esst-eti

175 746 330 782 maiores,
343 742 365 777 fi
379 741 489 776 nolint
502 751 610 775 ratum
626 740 743 776 habere
754 738 944 776 huiusmodi
956 750 1046 776 tran-

175 793 272 828 situm
293 789 532 836 Emphyteulis
554 788 588 823 in
620 799 759 823 manum
782 798 953 823 mortuam
982 815 991 829 ‚
1014 792 1047 822 Ec

172 835 366 886 quindennii
380 839 606 881 receptionem
623 833 811 882 sequutum,
829 840 859 870 &
873 834 1048 882 sequutum

172 897 211 921 cx
225 883 316 919 fano
329 883 451 918 tutoris
466 889 496 918 ἃ
507 883 684 922 curatoris,
696 892 855 927 poterunt
867 908 876 922 ,
890 881 984 927 prius
998 892 1048 917 ta-

171 942 245 967 men
259 931 414 966 restituto
428 930 639 976 quindennio
661 931 782 964 εκειᾶο
805 929 913 964 eidem
929 929 1044 963 manni

171 988 311 1014 mortuae
323 977 516 1016 solventium*
529 978 612 1012 ali-is
623 979 869 1022 locupletentur
880 976 1047 1010 cninalie-

106 1045 144 1079 15
172 1036 216 1062 na
228 1025 356 1060 iaffllra
371 1049 381 1064 ,
395 1035 493 1069 agere
507 1025 669 1059 adversus
682 1023 786 1069 ipsam
803 1035 940 1057 manum
954 1034 1046 1057 mor-

158 1083 268 1110 tuam
282 1083 344 1118 pro
356 1071 586 1106 vindicatione
600 1071 694 1106 fundi
709 1070 974 1116 emphyteutici,
994 1070 1044 1104 vel

173 1121 339 1158 intentare
353 1119 432 1154 utile
446 1118 498 1153 ius
511 1118 717 1165 ptaelationis
731 1117 765 1152 in
780 1115 855 1151 casu
870 1141 880 1156 ,
906 1128 976 1163 quo
993 1116 1047 1150 ille

173 1166 332 1204 venditus
344 1165 537 1211 reperiatut,
550 1167 661 1212 Niger
673 1167 709 1199 de
720 1164 857 1200 laudem.
872 1164 973 1209 quaesi.
993 1175 1048 1208 30.

171 1212 391 1256 muz-influe
405 1211 774 1258 versic.ltcebitillito.1.
786 1211 883 1245 Alias
899 1211 919 1245 fi
936 1213 1045 1257 pupil-

106 1275 149 1308 16
173 1265 225 1298 lus
237 1285 248 1302 ‚
274 1271 336 1296 aut
347 1259 459 1295 minor
470 1258 577 1294 eti-'esti
590 1259 736 1294 maiores
747 1260 961 1293 toleraverint
974 1269 1046 1293 ma-

174 1320 256 1345 num
269 1316 439 1343 mortuam
460 1305 665 1352 perseverare
679 1305 712 1341 in
725 1304 923 1353 poll'effione
949 1304 1045 1340 fundi

172 1353 438 1402 emphyteutici,
460 1353 505 1389 ab
514 1364 619 1400 eaque
630 1363 777 1388 canones
790 1378 799 1393 ,
825 1362 866 1387 ac
880 1352 1044 1398 quinden-

138 1422 142 1430 =-
171 1402 268 1439 nium
278 1399 459 1445 receperint
470 1427 478 1440 ,
492 1399 662 1435 censentur
677 1399 846 1436 ratificare
859 1399 1045 1446 praeceden-

171 1459 240 1486 tem
261 1445 490 1484 investituram
503 1471 513 1486 ‚
535 1447 803 1494 quindenniique
832 1447 1046 1482 exactionem

174 1495 298 1532 fixeram
312 1505 369 1540 per
382 1503 541 1534 tutorem,
552 1494 603 1530 seu
615 1504 819 1533 curatorem,
832 1495 957 1540 sibique
969 1505 1046 1538 prx-

175 1543 330 1579 iudicant
340 1566 350 1581 ‚
374 1541 569 1577 dummodo
584 1541 764 1577 habuesint
777 1540 948 1576 scientiam
963 1541 1051 1590 iliius

176 1589 344 1627 nullitatis
355 1614 365 1628 ,
376 1588 439 1622 acsi
454 1589 498 1623 ab
513 1588 613 1624 initio
623 1591 818 1624 contrafrus
827 1589 957 1623 tutorio
972 1613 981 1627 ‚
995 1591 1049 1623 teu

177 1635 352 1674 curatorio
363 1634 501 1669 nomine
515 1636 645 1680 gestus,
671 1636 747 1670 esset
763 1634 898 1671 validus
913 1636 934 1670 l.
944 1635 971 1680 fi
979 1644 1052 1682 pro-

173 1693 274 1733 ponas
285 1692 350 1723 §.1.
363 1681 399 1729 ff.
412 1683 448 1716 de
459 1682 571 1728 inoffic.
583 1683 701 1726 tesiam.
713 1682 769 1726 l.fi
777 1685 956 1729 prateritus
972 1695 1000 1724 5.
1013 1680 1052 1728 ff.

173 1733 212 1768 de
224 1729 329 1766 bonor.
344 1726 667 1776 poJJefficontr.tabut.
678 1731 699 1765 l.
711 1729 955 1766 Paulus-hodie:
968 1730 1051 1765 l.non

174 1778 298 1814 tantum
311 1776 424 1812 verbis
439 1787 468 1818 5.
478 1774 516 1822 ff.
530 1789 596 1812 rem
608 1785 667 1813 rat.
680 1776 788 1813 haber.
801 1777 858 1813 l.1.
872 1779 915 1813 &
930 1776 972 1818 fin
986 1782 1017 1812 C.
1024 1775 1054 1820 Ji

170 1827 247 1861 mai.
255 1825 337 1868 fab}-
358 1823 452 1858 alien.
464 1832 526 1858 rat.
537 1823 612 1860 hab.
624 1824 748 1866 Bersan.
763 1827 800 1860 cle
809 1825 925 1871 pupill.
936 1833 1005 1869 cap.
1019 1836 1051 1858 2.

171 1882 289 1916 qu.35.
302 1881 423 1912 num-5.
439 1880 492 1913 15.
503 1873 546 1906 (9⁴
565 1884 576 1906 1
586 1875 617 1907 8.
633 1873 786 1906 Hodiern.
800 1875 841 1907 ad
853 1874 947 1907 Sura.
959 1870 1052 1914 decis.

171 1924 409 1959 Mantuanqo.
420 1928 474 1951 nu.
478 1929 510 1961 3*-

219 1964 380 2000 Praeterea
393 1963 560 1999 crederem
570 1989 581 2004 ,
600 1963 696 2010 qnod
712 1974 816 2006 tutor,
831 1966 900 2002 five
914 1973 1050 2001 curator

174 2011 298 2058 absque
313 2020 513 2051 contutore,
533 2015 566 2046 a&
589 2023 810 2049 concuratore
823 2039 832 2053 ,
855 2025 916 2049 nec
926 2025 995 2049 non
1005 2011 1050 2047 ci-

181 2061 236 2095 tra
250 2057 478 2094 solemnitates
490 2057 619 2104 possint
632 2060 785 2096 investire
806 2071 945 2096 manum
960 2071 1052 2096 mot.-

170 2115 266 2142 tuam
278 2129 290 2144 ,
316 2104 361 2140 ab
380 2115 485 2151 eaque
499 2105 743 2150 quindennium
755 2108 987 2152 petere-etiam
1000 2107 1047 2143 ad

169 2151 324 2189 effectum
339 2150 580 2197 praeitidicandi
596 2153 729 2198 pupillo
742 2179 752 2194 ,
766 2153 818 2189 seu
831 2154 959 2190 minori
973 2155 1047 2189 tam

171 2199 207 2236 in
221 2199 413 2246 praelatione
428 2224 439 2239 ‚
463 2199 568 2245 quam
582 2200 616 2234 in
629 2199 790 2236 facultate
811 2202 958 2247 cogendi
976 2213 1049 2237 ma·

172 2258 257 2283 num
267 2255 440 2281 mortuam
451 2245 496 2281 ad
508 2246 704 2290 ponendum
713 2247 749 2283 in
761 2248 936 2294 personam
948 2261 1049 2293 capa·

106 2305 147 2337 17
172 2305 244 2330 cem
255 2317 268 2333 ,
291 2292 315 2328 fi
325 2304 365 2328 ex
379 2293 625 2328 circunstantiis
643 2296 775 2331 constet
789 2295 834 2331 de
848 2297 997 2332 versione
1012 2297 1046 2333 in

172 2339 356 2376 utilitatem
371 2339 498 2385 pupilli,
513 2338 564 2375 seu
579 2341 733 2382 minoris,
748 2346 780 2379 ἃ
796 2344 955 2388 probetur
967 2356 1047 2390 pen-

174 2386 253 2422 satis
265 2385 453 2431 pensandis,
466 2389 717 2433 praeponderarc
733 2390 916 2426 utilitatem
930 2394 1046 2437 praeiu-

174 2432 270 2468 dicio
281 2456 291 2472 ,
303 2433 404 2468 veluti
416 2433 451 2468 in
465 2436 591 2478 punem
602 2446 724 2471 manus
737 2449 878 2472 mortuae
889 2442 998 2484 Niger
1010 2442 1048 2475 de

171 2481 309 2564 glandem.
320 2488 430 2516 tom-1.
444 2492 519 2529 qia-3
529 2494 557 2516 1.
572 2493 686 2525 nu.42.
699 2483 802 2527 infine
815 2487 971 2531 verficulo
984 2499 1050 2521 cre-

193 2537 272 2562 erem
287 2550 297 2560 .

197 2645 941 2702 ARGUMENTDM.

81 2767 184 2801 Pater
193 2789 203 2804 ‚
214 2762 283 2798 five*
293 2762 379 2798 alius
389 2760 577 2798 Ascendens
589 2788 600 2804 ,
615 2777 654 2800 ex
665 2766 859 2813 privilegio,
873 2769 926 2805 seu
939 2769 972 2805 vi
985 2795 995 2810 ,
1011 2772 1046 2806 &

125 2809 242 2847 effestu
257 2810 371 2856 pattiae
383 2833 393 2847 ‚
409 2812 457 2845 vel
471 2809 710 2847 ascendentalis
723 2817 898 2859 potestatis
912 2817 1041 2852 habens

125 2855 366 2892 usumfructum
378 2855 470 2902 super
483 2857 583 2892 bonis
595 2857 802 2900 adventitiis,
813 2861 867 2898 seu
881 2864 1042 2899 maternis

125 2903 209 2944 filii,
235 2908 268 2939 &
283 2903 420 2940 alterius
433 2902 660 2941 descendentis
672 2930 682 2946 ‚
702 2907 914 2955 proindeque
927 2911 1040 2946 dietus

127 2950 298 2995 legitimus
311 2950 563 2986 administrator
574 2951 743 2988 bonorum
753 2954 1040 3004 illius‚habensque

127 2998 332 3034 mandatum
343 2998 364 3034 ὲ
379 3001 462 3044 lege,
476 3009 544 3032 non
557 3008 671 3034 tamen
685 3002 795 3045 potest
809 3002 973 3043 investire,
985 3004 1038 3040 seu

127 3042 309 3080 consentire
322 3069 332 3084 ,
344 3054 382 3080 ut
396 3043 537 3081 transeat
551 3046 743 3094 Emphyteu
750 3048 789 3082 lis
800 3049 990 3085 adventitia
1004 3051 1038 3084 in

129 3099 268 3126 manum
283 3101 466 3131 mortuam,
476 3103 537 3127 nec
547 3093 592 3128 ab
602 3104 641 3128 ea
653 3095 835 3140 quindenni
839 3107 896 3130 um
907 3097 1038 3141 exigere

127 3146 192 3182 pro
201 3134 308 3173 fundo
319 3139 363 3174 de
377 3138 580 3185 proprietate
594 3139 666 3179 filii,
681 3141 748 3176 five*
762 3144 896 3177 alterius
909 3143 1040 3178 descen-

126 3181 248 3235 dentis·
261 3183 307 3219 ad
329 3182 481 3220 effectum
501 3186 760 3233 recognoscendi
785 3200 922 3224 inanum
950 3201 1039 3224 mor-

130 3237 227 3263 tuam
240 3240 274 3264 in
289 3231 476 3267 Dominam
491 3235 607 3268 utilem
618 3257 628 3271 ,
642 3239 687 3269 vel
698 3235 811 3270 saltem
827 3237 871 3271 ad
883 3235 1037 3271 effeetum

129 3275 368 3327 praeiudicandi
379 3277 450 3313 filio
462 3303 472 3318 ‚
487 3283 536 3315 vel
548 3281 644 3315 a-lteri
656 3281 866 3318 descendenti
882 3283 914 3317 in
926 3284 1039 3328 praela-

131 3330 224 3356 tione
234 3320 326 3366 super
336 3322 541 3362 alienatione
553 3349 563 3366 ,
587 3328 621 3362 in
649 3340 688 3363 ue
702 3327 862 3365 facultate
888 3329 1036 3375 cogendi

129 3379 268 3406 manum
278 3378 449 3406 mortuam
461 3374 504 3407 ad
518 3340 714 3419 ponentium
727 3377 759 3410 in
769 3387 875 3421 caput
884 3377 958 3413 libe‹
967 3390 1037 3414 um.

1876 146 1991 212 351

1343 277 1849 315 SUMMARIUM.

1160 379 1171 403 1
1205 373 1304 405 Tutor
1317 395 1325 409 ‚
1352 374 1395 407 Θ·
1416 378 1548 408 curator
1560 385 1619 408 non
1645 372 1766 420 poJJunt
1781 373 1929 411 investire
1959 387 2087 413 manum

1258 427 1427 457 mortuam,
1440 432 1492 454 ntc
1508 419 1547 454 ab
1560 434 1594 455 ca
1608 424 1833 466 quindennium
1843 423 1976 466 recipere
1990 447 1998 456 .

1165 474 1182 496 z
1211 469 1320 502 Pater,
1332 465 1404 508 live
1416 467 1501 500 alius
1514 468 1710 509 Alandrus,
1725 467 1844 503 habens
1859 469 2089 510 usumfrutlum

1254 511 1354 556 super
1367 511 1456 547 bouis
1468 516 1660 549 adventitiis
1671 539 1678 553 ,
1703 527 1761 549 non
1775 524 1878 550 tamen
1890 515 1985 561 potes!
1999 518 2092 550 inw-

1254 558 1322 599 (lii-e
1339 570 1467 594 manum
1484 571 1639 596 mortuam
1652 587 1661 601 ,
1688 575 1742 597 nec
1757 561 1797 597 ab
1811 575 1847 598 ca
1863 564 2089 605 quindeunium

1263 617 1388 652 exigere
1402 631 1410 640 .

1172 659 1187 693 3
1219 657 1340 687 Manus
1353 663 1478 708 mortua
1490 667 1549 690 non
1573 655 1704 700 efficitur
1717 655 1853 692 obnoxia
1867 657 2065 693 devolutioni
2077 681 2087 697 ‚

1251 709 1417 747 tamquam
1430 711 1542 747 (orpus
1554 703 1715 746 nunquam
1727 706 1917 739 moriturum
1928 729 1937 738 .

1154 755 1177 786 4
1202 750 1313 785 vater,
1325 748 1383 782 vel
1399 749 1485 783 alius
1500 750 1682 790 ascendens
1695 750 1789 797 potest
1802 751 1952 792 investire
1965 753 2001 786 de
2015 756 2087 786 Em-

1254 794 1394 839 phyteuli
1422 797 1604 831 adventitia
1623 797 1687 838 filii
1698 822 1708 836 ‚
1735 798 1793 832 vel
1814 798 1949 833 alterius
1968 798 2087 841 dcsccn-

1253 844 1355 877 dentis
1372 868 1380 877 .

1163 894 1179 926 5
1209 889 1311 923 Filius
1325 898 1447 926 tenttur
1462 890 1539 932 [lare
1552 891 1719 930 locationi,
1742 892 1913 938 prasertim
1925 895 1965 928 ad
1985 891 2087 927 breve

1251 944 1374 981 tempus
1387 938 1476 979 fabiae
1489 948 1543 982 per
1557 945 1686 973 ‘Patrem
1705 941 1738 973 in
1765 939 1856 974 bonis
1869 942 2059 976 adventitiis
2072 964 2081 974 .

1155 981 1175 1012 6
1206 987 1272 1016 Lex
1289 983 1415 1026 confidit
1430 988 1465 1019 de
1477 988 1589 1023 'Pati-e,
1599 985 1671 1026 five
1684 987 1749 1020 alio
1762 986 1961 1026 Ascendeme
1977 1010 1985 1019 .

1155 1036 1177 1066 7
1204 1031 1269 1079 'Per
1292 1033 1473 1075 quitzdcnnii
1498 1033 1678 1075 petitionem
1702 1032 1839 1076 censetur
1865 1035 2085 1074 renunciatum

1257 1081 1320 1119 juri
1331 1079 1522 1123 praelationis
1538 1102 1546 1111 .

1160 1121 1192 1164 8,
1205 1129 1305 1158 'Pater
1317 1124 1355 1167 est
1370 1126 1532 1170 legitimus
1549 1125 1781 1169 administrator
1800 1124 1952 1162 bonorum
1964 1128 2086 1162 adven-

1252 1170 1468 1214 titiorumfilii
1484 1196 1494 1202 .

1154 1223 1179 1255 9
1204 1224 1304 1253 ‘Pater
1323 1218 1363 1259 est
1375 1221 1469 1264 etiam
1483 1219 1739 1263 usufructuarius
1759 1223 1791 1256 in
1803 1219 1892 1256 bonis
1904 1221 2085 1268 emphyteu-

1250 1268 1322 1302 ticis
1332 1265 1398 1308 filii
1413 1292 1423 1300 .

1133 1317 1174 1341 ¹0
1202 1311 1316 1348 Libera
1329 1313 1459 1360 poteslas
1471 1313 1559 1349 debet
1572 1313 1628 1360 esse
1641 1315 1789 1361 regulata
1801 1314 1820 1349 a*
1834 1315 1927 1361 Jure
1945 1341 1954 1356 ,
1975 1316 2030 1359 [eu
2042 1315 2083 1351 ab

1249 1360 1386 1396 arbitrio
1397 1360 1468 1396 honi
1479 1364 1549 1397 viri
1564 1386 1573 1395 .

1135 1411 1148 1435 1
1161 1412 1173 1435 ¹
1200 1414 1299 1443 ‘Pater
1311 1434 1318 1448 ‚
1334 1409 1392 1444 vel
1402 1410 1488 1444 alius
1501 1409 1685 1451 Ascendens
1695 1434 1705 1448 ‚
1719 1409 1962 1452 administrando
1975 1409 2056 1446 bona
2068 1435 2079 1450 ‚

1251 1455 1340 1492 debet
1348 1455 1380 1498 fe
1393 1458 1559 1501 prudenter
1568 1467 1680 1501 gerere
1692 1481 1702 1491 .

1138 1505 1178 1529 12
1204 1503 1474 1546 Usufruc‘tuarius
1485 1504 1579 1547 potest
1593 1514 1629 1537 ea
1639 1504 1744 1547 facere
1757 1527 1767 1542 ,
1781 1515 1849 1551 quae
1860 1513 1995 1550 tangunt
2010 1518 2081 1541 con-

1247 1549 1463 1592 servationem
1474 1551 1520 1584 rei
1532 1574 1541 1584 .
1816 1550 1820 1553 ’

1139 1599 1178 1632 13
1206 1604 1306 1632 Pater
1324 1598 1474 1636 investire
1491 1599 1599 1642 nequit
1611 1608 1742 1634 manum
1753 1608 1910 1635 mortuam
1930 1599 2080 1646 praejudi-

1253 1645 1363 1681 cialem
1377 1643 1442 1687 filio
1456 1670 1465 1678 .

1139 1691 1183 1726 14
1206 1690 1282 1738 Jus
1294 1692 1480 1735 investiendi
1503 1694 1544 1727 ad
1557 1704 1642 1727 omne
1662 1691 1754 1738 pejus
1764 1693 1883 1738 [perflat
1900 1696 1942 1730 ad
1954 1694 2079 1738 usufru-

1252 1741 1421 1778 marium,
1435 1741 1479 1776 (9⁹
1490 1742 1748 1786 proprietarium,
1758 1741 1864 1786 sicque
1876 1743 1916 1776 ad
1926 1748 2069 1781 Patrem,

1251 1790 1294 1823 &⁸
1301 1785 1409 1830 filium
1422 1810 1429 1821 .

1139 1834 1176 1867 15
1204 1834 1307 1868 Pater
1318 1833 1558 1875 administrando
1571 1832 1652 1869 bona
1658 1832 1721 1876 filii
1735 1860 1744 1875 ,
1766 1835 1823 1870 illa
1834 1837 1972 1872 alienare
1981 1836 2076 1884 potest

1255 1881 1294 1915 ad
1307 1881 1434 1916 libitum
1446 1906 1455 1915 .

1138 1922 1180 1955 ¹6
1204 1934 1303 1964 Pater
1316 1930 1488 1975 recipiendo
1501 1940 1631 1964 canones
1642 1953 1651 1966 ‚
1678 1929 1862 1975 praejudicat
1880 1927 1946 1970 filio
1957 1933 1998 1967 ad
2007 1931 2078 1978 effe-

1250 1976 1336 2013 uum
1357 1977 1523 2011 inducendi
1534 1976 1800 2022 praesumptionem
1812 1976 1936 2022 remissae
1948 1981 2076 2015 caduci·

1250 2025 1329 2059 tatis
1342 2049 1350 2058 .

1140 2072 1180 2106 ¹7
1205 2075 1305 2104 'Pater
1318 2069 1435 2106 habens
1446 2070 1674 2114 usumfructum
1693 2071 1724 2105 in
1733 2068 1820 2105 bonis
1833 2073 2024 2108 adventitiis
2031 2072 2073 2116 fi-

1249 2117 1433 2165 lii,quaefint
1444 2118 1686 2164 emphyteutica,
1697 2117 1778 2152 reue
1789 2119 1890 2162 exigit
1904 2119 2074 2156 laudemia.

1134 2158 1175 2192 18
1203 2167 1411 2200 Laudemium
1424 2190 1432 2204 ,
1447 2169 1489 2200 (5
1504 2167 1727 2210 quindennium
1740 2166 1848 2210 potitis
1859 2164 1989 2201 debetur
2001 2168 2074 2211 usu·

1249 2211 1439 2254 frustum-io,
1454 2210 1552 2256 quam
1564 2213 1769 2257 proprietario
1783 2236 1791 2245 .

1134 2262 1178 2294 19
1202 2258 1474 2302 vsufruhiuarius
1484 2256 1688 2305 praeiudicare
1699 2260 1806 2305 nequit
1815 2261 2022 2305 proprietario
2036 2286 2047 2296 .

1131 2311 1178 2334 ²0
1203 2306 1561 2348 Laudemiumsolvitur
1570 2307 1750 2340 conductori·
1759 2308 1875 2341 iurium
1884 2309 1992 2343 diretta*
2006 2330 2015 2346 ‚
2027 2311 2071 2351 ά

1250 2361 1355 2387 tamen
1367 2365 1424 2389 non
1434 2354 1488 2388 ille
1497 2376 1505 2390 ‚
1511 2352 1534 2395 s
1530 2354 1565 2386 ed
1575 2352 1693 2387 locator
1709 2352 1839 2392 investit
1851 2379 1860 2388 .

1131 2406 1149 2428 2
1157 2404 1171 2428 1
1200 2399 1472 2442 vsufrub‘tuarius
1481 2398 1629 2439 inveliire
1638 2401 1743 2446 neqm't
1753 2423 1763 2438 ,
1774 2399 1795 2437 Γ
1789 2401 1825 2434 ed
1835 2400 1923 2436 dehet
1931 2399 1989 2446 effe
1999 2415 2071 2439 con-

1247 2454 1352 2481 tentus
1358 2447 1426 2490 sola
1438 2448 1565 2484 utendi,
1579 2446 1759 2490 &fruendi
1771 2445 1917 2483 libertate
1934 2472 1945 2482 .

1133 2501 1176 2524 22
1201 2500 1301 2529 Pater
1311 2495 1460 2529 maiorem
1473 2491 1568 2528 habet
1580 2494 1800 2529 auctoritatem
1806 2494 1903 2540 super
1915 2493 2005 2531 bonis
2015 2498 2071 2532 ad-

1247 2539 1476 2582 ventitiisfilii,
1486 2539 1582 2587 qucim
1590 2548 1677 2576 tutor
1687 2564 1697 2575 .

1133 2594 1173 2627 23
1202 2589 1287 2622 Idem
1298 2590 1486 2623 deteriorare
1499 2589 1607 2633 nequit
1614 2589 1836 2634 proprietatem
1844 2587 1907 2631 filii
1921 2615 1930 2622 .

1132 2641 1178 2674 24
1199 2636 1395 2674 Investitura
1404 2635 1493 2678 fabia
1516 2633 1536 2668 a*
1550 2641 1649 2669 Patre
1668 2635 1705 2669 de
1715 2633 1805 2670 bonis
1817 2637 2068 2680 Emphyteucicis

1241 2680 1291 2770 gli
1294 2683 1303 2714 i
1311 2680 1508 2724 sublimetur,
1521 2680 1646 2725 constito
1656 2683 1694 2716 de
1703 2682 1844 2727 verfione
1855 2685 1887 2717 in
1898 2684 2069 2720 utilitatem

1269 2729 1306 2763 lii
1318 2753 1326 2762 .
1717 2739 1720 2741 ’

1131 2781 1171 2814 25
1199 2777 1301 2810 ‘Pater
1309 2777 1342 2810 in
1351 2774 1440 2812 bonis
1449 2773 1512 2818 filii
1521 2777 1709 2824 emancipati
1717 2775 1813 2813 habet
1823 2778 1984 2813 dimidiam
1993 2786 2064 2813 tan·

1195 2822 1263 2857 tum
1273 2831 1394 2868 partem
1409 2823 1609 2867 ususfrubius
1620 2849 1630 2858 .

1127 2873 1171 2903 26
1197 2872 1306 2904 Minor
1312 2870 1421 2913 fabius
1433 2873 1532 2906 maior
1545 2870 1703 2913 ratificare
1709 2870 1806 2918 potes}
1819 2870 1925 2910 tacite,
1940 2871 2000 2906 vel
2013 2882 2067 2906 ex-

1239 2916 1342 2961 presse
1349 2917 1469 2959 fabium
1482 2920 1640 2953 curatoris
1651 2941 1662 2952 .

1125 2973 1168 3005 27
1194 2964 1349 3012 Dominus
1368 2966 1503 3000 directus
1516 2973 1571 3010 per
1584 2975 1735 3000 canonum
1745 2965 1957 3010 {receptionem
1969 2965 2070 3008 cenfe-

1240 3018 1294 3045 tur
1310 3013 1523 3046 caducitatem
1534 3013 1692 3046 remittere
1707 3035 1716 3045 .
1990 3015 1994 3017 “

1123 3057 1166 3091 28
1192 3058 1294 3092 Filius
1305 3069 1362 3092 non
1371 3056 1410 3095 eii
1421 3057 1653 3096 administrator
1662 3058 1794 3097 Patris,
1819 3056 1876 3102 nisi
1884 3056 2064 3102 specialiter

1194 3104 1412 3139 committatur
1425 3103 1650 3145 administratio
1660 3127 1670 3136 .
1742 3142 1749 3150 ⁶

1123 3160 1168 3191 29
1193 3156 1292 3185 ‘Pater
1301 3153 1505 3195 praeiudicare
1519 3151 1630 3195 nequit
1638 3147 1709 3190 filio
1720 3173 1731 3183 .

1124 3207 1168 3239 30
1192 3196 1295 3230 Filius
1314 3196 1465 3238 invcsiire
1474 3198 1582 3243 nequit
1602 3206 1729 3232 manum
1741 3206 1899 3234 mortuam
1926 3200 1960 3234 in
1973 3197 2061 3234 bonis

1239 3244 1353 3277 Patris
1369 3267 1378 3276 .

1939 3434 2019 3468 CA⁶
