2295 3757
591 89 690 152 De
708 80 1173 168 Qindenniis‚
1208 85 1364 170 Cap.
1384 87 1464 149 ΙΙ.
1880 111 1921 169 9

65 218 106 250 73
138 203 271 246 Ecclesia
295 211 368 239 tuuc
391 201 461 248 esset
480 202 617 246 incapax
634 196 833 244 emphyteusis
846 222 854 235 ‚
879 198 1005 243 quaudo

183 251 239 287 illa
250 249 383 297 concessa
394 250 465 296 esset
475 258 546 283 cum
558 245 708 280 indecenti
718 243 913 288 praestatione
927 269 935 276 .

65 314 112 347 74
135 300 354 342 Consuetudine
366 297 521 332 introduci
529 291 623 337 potest
639 317 647 330 ,
661 299 696 325 ut
709 290 842 334 Ecclesia
856 299 1004 327 teneatur

188 344 271 381 intra*
282 355 400 380 certum
412 351 530 387 tempus
544 348 708 372 evacuare
721 338 940 384 emphyteusim
951 362 960 371 .

72 407 113 441 75
140 402 191 431 Ex
202 395 364 440 pat‘tomon
375 398 475 425 autem
486 397 527 421 ex
539 389 665 420 statuto
674 383 746 426 sieri
762 384 856 430 potes}
867 387 1007 430 incapax

191 435 391 486 emphyteusis
405 431 586 476 Ecclesia&
604 431 778 466 1.fin.(3.de
788 431 1011 476 lunemphyt.

192 487 378 531 intelligitur
388 482 424 516 dc
436 478 605 527 prohibitis
628 489 668 514 ex
677 480 768 525 palio
795 476 988 523 conccffionis
1000 503 1010 518 ‚

193 535 247 578 seu
258 527 450 568 investitura
463 552 472 563 .

77 591 122 632 75
149 584 253 628 Niger
263 577 306 614 de
318 576 646 621 laudem.tpm.1.qu.
655 572 841 618 13.artic.3.
858 583 970 610 numa
978 577 1011 610 6.

195 637 267 664 cum
281 621 430 668 pluribus
441 622 529 668 seqq.
540 623 696 667 refellitur
708 647 716 655 .

81 692 125 728 77
149 674 310 725 ,Quamvis
321 672 352 705 in
363 672 453 719 Jure
471 682 530 705 non
544 671 721 717 reperiatur
733 668 893 714 prohibita
907 669 1011 704 Eccle-

189 721 235 767 sia
249 717 464 766 emphyteusim
482 719 614 752 retinere
625 741 636 756 ‚
659 725 796 751 attamen
821 719 853 752 in
865 718 961 763 praxi
977 718 1013 751 de

193 769 250 804 hoc
263 777 321 801 non
327 767 348 810 s
344 766 403 803 olet
413 764 554 801 dubitari
565 788 574 798 .

82 824 127 870 78
148 815 319 854 Alienatio
331 811 533 861 emphyteusis
555 812 586 847 in
596 810 764 856 Ecclesiam
777 835 786 850 ‚
811 810 950 855 censetur
960 811 1014 856 fa-

193 865 243 899 tta
257 863 288 897 in
299 862 500 907 potentiorem
511 884 520 895 .

75 924 124 959 79
145 908 302 954 Ecclesia,
330 911 402 946 licet
413 909 517 956 quoad
536 906 570 951 se
579 919 638 943 non
659 905 698 951 sit
708 904 869 951 prohibita
884 907 1011 953 emphy-

191 956 300 1003 teusim
309 959 368 993 reti
373 969 442 992 nere
453 980 462 995 ‚
475 953 514 996 est
523 964 626 991 tamen
637 952 796 999 prohibita
806 963 933 1001 propter
946 960 1012 990 Do-

193 1008 314 1044 minum
335 1006 486 1041 arretium
511 1001 549 1041 ob
571 1000 712 1048 amissam
734 1001 818 1049 spem
838 1002 1011 1038 laudemio·

194 1068 287 1097 rum,
300 1058 342 1092 ά·
353 1052 566 1090 devolutionis
577 1075 586 1085 .

78 1107 124 1142 80
148 1104 281 1150 Ecclesia
301 1107 334 1139 in
344 1100 434 1155 Jure
453 1109 511 1134 non
525 1099 678 1144 reperitur
690 1095 851 1144 prohibita
865 1095 1012 1138 habere-2

193 1151 412 1200 emphyteusim
425 1172 434 1182 .

80 1203 101 1237 8
109 1211 122 1235 1
151 1203 202 1248 ΕΠ
215 1211 317 1238 tamen
326 1194 484 1244 prohibita
495 1207 534 1231 ex
548 1196 710 1231 identitate
724 1197 856 1232 rationis
867 1221 876 1231 .

82 1255 127 1289 82
154 1245 411 1304 Ecclesiaevadit
421 1252 525 1291 capax
533 1242 737 1289 emphyteusts
749 1267 759 1282 ‚
781 1244 1017 1288 consentiente.)

202 1305 334 1334 Domino
346 1318 355 1327 .

83 1344 123 1387 8‘3
151 1345 365 1381 Communitas
377 1342 426 1376 uti
435 1341 590 1386 potentior
600 1364 611 1379 ,
634 1337 768 1374 liberare
781 1337 874 1385 potest
885 1337 966 1375 bona
980 1337 1021 1375 ab

197 1387 421 1434 incursionibus
432 1386 563 1429 hostium
577 1411 586 1420 .

81 1439 129 1482 84
152 1441 285 1475 otuttor
307 1449 366 1472 non
388 1436 514 1471 invenit
537 1435 640 1468 locum
664 1441 719 1479 per
730 1433 880 1479 Nigrum
894 1434 1021 1480 allega-

199 1495 268 1521 tum
280 1511 289 1525 ,
314 1486 344 1519 in
358 1494 420 1530 quo
425 1483 615 1529 supponitur
627 1505 638 1521 ,
657 1479 768 1524 fiscum
784 1479 839 1527 esse
852 1490 1022 1528 capacem:

199 1530 404 1579 emphyteusis
415 1555 424 1571 ,

86 1580 127 1622 85
155 1580 288 1624 Ecclesia
301 1578 373 1614 νανὸ
381 1577 460 1614 bona
473 1578 613 1614 alienat,
631 1575 686 1619 sed
703 1574 800 1619 fiscus
810 1578 1023 1624 quandocum-

199 1639 263 1675 que
272 1627 329 1662 illa
338 1626 476 1661 alienare
484 1623 580 1672 potest
592 1648 600 1657 .

84 1676 128 1710 86
153 1676 267 1713 Verior
280 1699 289 1713 ,
314 1685 351 1708 ac
373 1674 566 1707 communior
579 1668 618 1712 est
629 1671 752 1718 opinio,
773 1669 854 1718 qubd
866 1669 962 1713 fiscus
976 1673 1024 1707 in·

200 1729 302 1768 capax
308 1720 349 1763 sit
363 1718 566 1766 emphyteusis
579 1743 588 1752 .

83 1769 127 1812 87
153 1768 258 1860 wius
273 1767 312 1811 esi
324 1768 478 1816 potentior
492 1764 627 1810 Ecclesia
637 1789 647 1806 ‚
660 1768 704 1803 Θ*
716 1767 897 1813 Principem
911 1775 1025 1814 repra-

217 1825 302 1852 entat
316 1840 327 1852 .
509 1827 512 1830 “

86 1865 130 1900 88
154 1865 308 1900 Facultas
317 1863 495 1911 disponendi
504 1861 649 1910 regulari
659 1861 748 1899 debet
761 1860 781 1897 a*
796 1862 849 1909 Ju
856 1874 888 1898 re
902 1887 913 1903 ,
935 1862 996 1898 vel
1007 1859 1028 1897 a

202 1911 277 1955 cons
273 1914 424 1947 uetudine
435 1937 444 1947 .

88 1959 134 2001 89
157 1961 319 1993 statutum
336 1957 504 2003 prohibens
516 1957 734 1994 alienationem
750 1956 902 1992 bonorum
925 1957 956 1991 in
968 1960 1028 1991 Ec-

209 2002 328 2048 clesiam
343 2029 350 2041 ,
363 2003 403 2044 est
416 2004 540 2038 nullum
554 2007 659 2050 quoad
673 2003 754 2040 bona
765 2001 867 2038 llbera
877 2027 886 2042 ,
899 2014 958 2038 non
971 2014 1030 2038 au·

204 2059 268 2086 tem
279 2052 384 2095 quoad
396 2049 628 2095 emphyteutica
639 2075 649 2084 .

86 2110 134 2144 90
161 2097 254 2134 Clem.
268 2101 317 2132 IV
318 2122 326 2130 .
338 2100 381 2132 (φ
395 2098 562 2131 MartJV.
576 2104 818 2131 revocaverunt
830 2095 1029 2137 consuetudi-

148 2174 156 2180 .
176 2187 178 2189 ‚
203 2156 258 2181 nes
273 2144 358 2190 apud
368 2142 608 2187 Portugalliam
620 2166 636 2188 ,ν
650 2145 693 2179 &⁸
709 2144 870 2188 ‘Populum
891 2146 1026 2189 Regino-

206 2203 279 2227 rum
290 2216 300 2231 ,
327 2188 444 2238 quibus
452 2187 679 2237 prohibebatur
691 2190 860 2226 translatio
874 2190 1028 2226 bonorum

207 2241 240 2274 in
251 2237 418 2281 Ecclesiam
431 2262 442 2272 .

89 2301 110 2332 9
119 2301 132 2326 1
162 2291 322 2323 statutum
329 2285 451 2332 laycale
459 2298 520 2322 non
529 2283 622 2333 potesl
631 2284 796 2332 prohibere
805 2285 1026 2322 alienationem

211 2333 360 2370 bonorum
369 2336 402 2368 in
413 2334 582 2378 Ecclesiam
595 2356 603 2365 -

88 2394 135 2428 92
158 2379 363 2426 Ecclesiastici
386 2383 418 2415 in
442 2380 536 2416 rebus
567 2379 792 2428 spiritualibus
815 2379 1028 2423 inservientes
1090 2391 1092 2394 ’

210 2431 327 2475 Laycis
345 2426 453 2464 debent
462 2428 671 2474 amplioribus
680 2431 818 2474 gaudere
827 2425 1007 2472 favoribus-
1018 2451 1028 2461 .

89 2488 133 2523 93
159 2478 321 2512 statutum
333 2474 501 2522 prohibens
513 2477 734 2511 alienationem
748 2474 899 2510 bonorum
919 2477 950 2509 in
968 2480 1032 2509 Ec-

209 2521 330 2568 clesiam
343 2547 353 2563 ,
373 2523 468 2557 valet
482 2547 492 2561 ,
502 2523 528 2565 fi
537 2522 576 2559 eli
590 2521 808 2564 confirmatum
822 2521 841 2556 ci
853 2524 945 2567 ‘Papa
959 2545 969 2555 .

93 2582 142 2616 94
164 2574 202 2607 In
209 2570 415 2616 'Portugallia
425 2571 520 2615 viget
532 2575 694 2605 statutum
704 2570 870 2616 prohibens
879 2566 1035 2606 bonorum

211 2619 429 2653 alienationem
440 2619 471 2651 in
486 2617 652 2661 Ecclesiam
665 2642 675 2652 .

93 2676 135 2710 95
161 2665 457 2720 Idem'sersvaturin
468 2665 584 2705 Gallia,
596 2663 784 2705 Barbantia,
800 2667 1029 2705 Germania‚&

211 2719 242 2750 V
243 2713 352 2748 enetiis
362 2732 372 2741 ·

94 2763 141 2804 96
161 2759 410 2805 InPortugallia
419 2761 516 2806 viget
528 2760 690 2797 Statutu'm
700 2759 844 2807 obligans
856 2761 1033 2807 Religiones

210 2809 252 2843 ad
261 2808 478 2842 dimittendum
490 2808 574 2844 intra*
588 2821 705 2844 annum
714 2809 841 2850 stabilia
855 2833 866 2843 .

90 2865 137 2897 97
159 2860 223 2891 Per
247 2853 412 2905 transitum
435 2853 587 2890 bonorum
599 2856 899 2903 emphyteuticorum
922 2857 954 2891 in
970 2860 1030 2890 Ec·

207 2901 328 2946 clesiam
336 2903 560 2947 praeiudicatur
569 2905 703 2938 Domino
728 2901 766 2938 ob
789 2901 930 2948 amissam
945 2902 1031 2948 spem

210 2949 436 2985 laudemiorum
452 2971 462 2987 2
473 2961 511 2984 ac
528 2950 743 2985 devotationis
757 2975 766 2987 ,
782 2952 864 2996 quod
877 2948 1027 2996 praejudi·

211 2999 295 3031 cium
305 3008 364 3032 non
375 2995 579 3040 consideratur
593 2999 625 3030 in
636 2995 724 3031 bonis
735 2996 842 3032 liberis
853 3021 864 3031 .

95 3045 139 3085 98
161 3042 199 3078 Iu
213 3041 672 3087 cap.1.deimmunit.Eccles.
685 3043 720 3077 in
733 3048 767 3079 6.
777 3046 810 3078 in
820 3051 945 3078 tantum
957 3051 1031 3088 pro-

211 3090 338 3126 hibetur
349 3089 484 3135 Ecclesiae
504 3089 668 3136 acquisitio
691 3088 864 3129 bonorum,
883 3092 915 3124 in
928 3099 1030 3136 quan-

210 3146 279 3172 tum
292 3140 401 3183 agitur
411 3140 448 3172 de
460 3136 550 3173 bonis
560 3137 800 3183 emphyteuticis
814 3162 824 3172 .

97 3189 144 3225 99
166 3184 299 3227 Ecclesia
312 3187 449 3221 Domina
459 3186 577 3220 diretta
596 3183 690 3220 habet
701 3184 859 3219 biennium
877 3185 917 3219 ad
931 3183 1034 3218 decla-

213 3234 347 3266 randum
361 3256 371 3270 ,
384 3245 425 3267 an
438 3232 523 3266 velit
539 3251 550 3267 ‚
574 3231 655 3278 quod
673 3231 738 3266 alia
754 3231 889 3276 Ecclesia
901 3233 1036 3266 retineat

214 3278 434 3332 emphyteufim
444 3303 454 3319 ,
468 3279 526 3315 vel
537 3279 623 3314 velit
633 3278 775 3324 praferri
789 3281 822 3314 in
834 3275 1039 3326 emphyteusis

215 3332 366 3367 emptione
378 3350 388 3360 .

26 3378 28 3380 ’
78 3381 147 3404 ἰοο
172 3370 303 3406 Valente
322 3376 453 3409 Domino
479 3375 593 3411 diretto
617 3371 753 3418 Ecclesia
775 3373 911 3420 efficitur
932 3380 1037 3419 capax

218 3415 439 3464 emphyteufis.

1070 204 1130 232 101
1159 197 1194 231 Sa·
1211 194 1308 241 iuxta*
1326 196 1447 239 sensum
1470 195 1572 241 Nigri
1590 198 1723 241 Ecclesia
1737 224 1746 239 ,
1773 200 1806 234 &
1827 196 1924 241 fiscus
1939 210 2021 236 non„

1203 255 1272 279 com
1294 244 1520 280 raehenderctur
1534 245 1566 278 in
1581 242 1662 278 hfin.
1677 248 1717 278 C.
1732 246 1773 280 de
1783 246 1854 293 Jut.
1869 245 2024 292 emphyt.

1206 300 1263 337 pro
1273 289 1390 326 n'bente
1419 289 1639 338 emphyteufim
1673 292 1806 327 alienari
1828 296 1859 327 in
1882 293 2028 339 personas

1204 337 1383 386 prohibitas
1394 364 1403 379 ‚
1414 339 1468 374 lex
1482 336 1762 385 effetfruslratoria
1776 362 1785 377 ‚
1800 339 1869 374 cum
1881 342 2029 376 cunamen

1210 383 1343 430 adessent
1355 385 1529 432 prohibiti.

1076 445 1139 468 102
1167 438 1216 469 De
1224 432 1435 480 prohibitione
1446 446 1486 469 ex
1495 436 1587 480 patio
1599 444 1656 468 non
1669 432 1708 475 esi
1724 458 1731 472 ,
1759 432 1841 481 quod
1853 433 1905 468 lex
1919 435 2029 480 loqua-

1211 490 1267 517 tur
1278 505 1287 519 ,
1301 483 1379 526 quia
1387 481 1469 523 satis
1484 480 1534 524 esi,
1549 479 1632 527 quod
1641 481 1792 528 loquatur
1805 481 2030 526 paliumquod

1214 526 1252 568 esi
1263 528 1364 563 altera
1376 528 1429 563 lex
1440 553 1450 562 .
1976 540 1979 543 “
2065 530 2068 534 ’

1075 585 1138 619 103
1168 574 1276 665 Ning
1289 573 1328 616 esi
1341 584 1449 610 contra
1459 587 1652 611 communem
1663 600 1673 615 ,
1700 577 1744 612 ὠ
1757 583 1866 610 contra
1880 574 1965 619 Rota
1980 576 2030 610 cte-

1211 634 1239 656 ci
1252 633 1354 656 eones.

1076 680 1143 713 104
1162 671 1371 761 Laudelmium
1387 671 1482 705 etiam
1493 669 1620 706 debetur
1631 669 1668 706 ob
1680 670 1897 706 alienationem
1907 670 2033 717 emphy-

1213 725 1263 752 teu
1277 729 1306 752 is
1321 741 1328 751 .

1077 775 1140 808 105
1170 763 1326 809 Ecclefia‚
1345 768 1380 801 in
1393 777 1491 812 quam
1501 764 1652 809 transivit
1664 763 1886 813 emphyteusis,
1898 776 2049 800 renuens,

1214 815 1441 858 quindennium
1457 814 1606 857 solvere,
1627 821 1748 847 tenetur
1761 813 1848 846 illam
1859 812 1952 847 extra*
1964 812 2030 853 [ω

1212 869 1342 907 ponere,
1355 861 1392 896 ne
1401 861 1495 897 aliter
1505 862 1637 896 diretlus
1654 860 1808 894 Dominus
1821 862 1949 895 amittat
1958 860 2032 894 lau·

1205 911 1306 944 demta
1318 933 1328 948 ,
1343 911 1386 945 &
1397 909 1587 956 quindennia
1602 932 1610 940 .
2032 920 2035 924 ·

1068 958 1134 992 106
1161 957 1370 992 Laudemium
1389 955 1428 1001 esl
1444 952 1642 1000 accessorium
1661 954 1838 988 contrac'tus
1854 954 2033 1002 emphyteu-

1211 1005 1268 1040 tici
1287 1029 1297 1039 .

1074 1061 1139 1092 107
1166 1054 1377 1089 Laudemium
1387 1051 1426 1094 est
1439 1052 1566 1097 fruitus
1577 1048 1781 1100 emphyteusis
1794 1072 1803 1087 ,
1816 1059 1852 1083 ac
1864 1049 1900 1083 de
1916 1047 1972 1083 illo
1985 1059 2033 1084 eo-

1215 1101 1283 1137 dem
1295 1104 1383 1137 modo
1397 1100 1561 1148 judicatur
1578 1127 1584 1139 ‚
1597 1111 1658 1147 quo
1673 1100 1709 1133 de
1729 1096 1794 1142 ipsa
1807 1092 1994 1141 emphyteufi
2006 1114 2014 1122 ·

1042 1150 1045 1154 “
1079 1149 1144 1185 108
1171 1151 1380 1185 Laudemium
1404 1148 1523 1190 adedeli
1537 1150 1573 1184 de
1582 1155 1698 1182 natura
1719 1146 1899 1179 contrat'tus
1912 1142 2038 1187 emphy⁴

1217 1198 1328 1233 teutici
1338 1225 1345 1237 ,
1375 1206 1412 1232 ut
1430 1197 1479 1232 illi
1497 1197 1618 1242 semper
1631 1193 1700 1238 insit
1711 1219 1720 1232 ‚
1746 1190 1801 1234 nisi
1822 1191 1915 1226 aliter
1937 1188 1955 1223 α’
1967 1201 2036 1224 con·

1217 1244 1420 1281 trahentibus
1431 1252 1622 1279 conventum
1624 1242 1728 1285 suerit
1739 1265 1747 1273 .

1084 1304 1150 1336 109
1177 1293 1365 1339 Fulginsde
1380 1291 1449 1339 Ius.
1463 1291 1615 1336 emphyt.
1639 1288 1691 1323 tit.
1716 1288 1758 1322 de
1772 1297 1842 1321 var.
1853 1279 2037 1336 eaditCYfat.

1221 1345 1340 1386 qu-16.
1350 1350 1477 1384 num.4.
1488 1338 1683 1373 contrarium
1697 1344 1803 1370 teneus
1813 1333 1958 1377 rejicitur
1974 1355 1983 1364 .

1085 1399 1149 1423 110
1177 1390 1345 1426 Decedente
1359 1388 1470 1423 ultimo
1490 1383 1692 1431 emphyteuta
1716 1381 1756 1418 ab
1774 1380 1916 1421 intestato
1930 1376 2045 1422 absque

1155 1472 1164 1480 ,
1219 1437 1354 1475 herede,
1370 1435 1477 1477 Fiscus
1481 1433 1650 1477 succedens
1664 1455 1673 1469 ‚
1694 1427 1851 1465 tenebitur
1863 1425 2043 1471 emphyteu-

1215 1484 1275 1529 sim
1285 1481 1305 1516 d
1312 1483 1335 1525 Γ
1329 1496 1345 1518 e
1356 1492 1528 1518 evacua-re,
1541 1480 1600 1514 vel
1611 1478 1800 1524 quindennia
1808 1474 1936 1518 solvere
1953 1496 1963 1506 .

1086 1544 1100 1568 1
1110 1545 1122 1568 1
1134 1545 1147 1568 1
1179 1532 1388 1568 Laudemium
1406 1528 1446 1572 est
1457 1526 1649 1563 accidentale
1672 1527 1721 1559 uti
1735 1523 1902 1569 dependens
1915 1531 1955 1554 ex
1969 1518 2045 1554 alie-

1226 1592 1264 1614 no
1275 1578 1408 1614 arbitrio
1422 1575 1626 1622 emphyteuta
1638 1573 1778 1607 alienare
1788 1568 1928 1604 volentis
1942 1591 1950 1600 .

1089 1640 1154 1664 112
1181 1625 1311 1669 Ecclesia
1321 1626 1412 1662 raro,
1435 1623 1494 1658 vel
1506 1620 1629 1666 difficile
1641 1619 1759 1654 alienat
1774 1639 1783 1648 ·

1088 1687 1101 1710 1
1114 1688 1124 1710 1
1137 1687 1150 1717 3
1179 1673 1308 1717 Ecclefia
1320 1674 1358 1710 est
1369 1676 1508 1716 incapax
1522 1665 1726 1712 emphyteusis
1742 1666 1838 1700 etiam
1850 1661 1889 1698 ob
1901 1661 2040 1709 despera-

1226 1730 1292 1756 tam
1302 1720 1486 1761 solutionem
1496 1715 1725 1750 laudemiorum
1736 1737 1745 1745 .

1088 1782 1104 1807 1
1114 1780 1157 1814 14
1183 1767 1413 1812 Ecclesiasticus
1425 1766 1557 1799 videtur
1570 1769 1652 1796 certo
1665 1761 1753 1794 modo
1765 1765 1936 1806 praepotens
1950 1758 2049 1792 ratio-

1229 1828 1267 1852 ne
1276 1816 1397 1862 proprii
1400 1813 1468 1858 fori
1478 1836 1487 1846 .

1092 1874 1153 1908 115
1184 1865 1283 1911 Layci
1311 1863 1498 1909 usurpantes
1523 1856 1768 1904 iurisdietionem
1783 1850 2026 1896 Ecclesiasticam
2040 1874 2049 1887 ‚

1230 1911 1408 1947 mortaliter
1417 1916 1544 1954 peccant
1557 1932 1566 1946 ,
1579 1906 1714 1952 suntque
1737 1900 1997 1938 excommunicati
2017 1900 2051 1933 iu

1232 1959 1326 1995 Bulla
1344 1965 1432 1994 Caenae
1445 1956 1573 1992 Domini
1586 1978 1593 1987 .

1091 2018 1107 2044 1
1117 2010 1160 2043 16
1184 2008 1285 2050 Layci
1306 2019 1346 2042 ex
1358 2005 1533 2052 privilegio
1545 1998 1731 2047 Apostolico
1759 1996 1921 2041 acquirere
1929 1988 2056 2039 possunt

1231 2052 1492 2100 Jnrisditrionem
1502 2046 1745 2091 Ecclefiaslicam
1766 2065 1774 2073 ·

1094 2112 1160 2144 117
1184 2104 1224 2137 In
1235 2100 1441 2147 Portugallia
1466 2099 1590 2132 Iudices
1603 2093 1701 2136 Layci
1723 2088 1866 2125 nonbene
1886 2087 2058 2121 concedunt
2084 2125 2087 2128 ⁴

1230 2149 1495 2184 manutentionem
1505 2168 1514 2181 ‚
1540 2151 1636 2187 quam
1656 2140 1764 2173 dicunt
1788 2137 1938 2171 chartam
1964 2134 2072 2168 tuiti-·

1230 2207 1331 2235 vam,
1354 2197 1385 2229 in
1393 2188 1563 2239 posseffi'one
1579 2184 1723 2228 Beneficii
1734 2183 1842 2219 c‘ontra
1855 2179 2055 2224 ‘Provisum-³

1231 2241 1453 2284 ‚apostolicum
1467 2263 1476 2273 .

1095 2302 1109 2326 1
1120 2292 1159 2326 18
1186 2287 1359 2326 Praecifive
1373 2289 1392 2321 :i
1410 2282 1591 2329 Privilegio
1605 2277 1808 2327 Apostolico
1818 2277 1966 2326 pradic'ta
1978 2283 2054 2322 pra-

1231 2340 1283 2372 xis
1292 2331 1478 2381 reprobatur
1497 2331 1540 2366 ab
1553 2329 1674 2365 Uberr.
1692 2327 1734 2362 de
1746 2326 1899 2361 citation.
1917 2334 2003 2358 tom.
2023 2333 2053 2357 1.

1230 2395 1342 2429 cap.4.
1353 2392 1409 2428 per
1421 2389 1486 2415 rot.
1498 2383 1530 2413 &
1550 2375 1777 2412 DianMorat.
1794 2384 1902 2419 par-1·
1919 2371 2054 2407 traem.

1232 2432 1350 2475 tes.13.
1364 2424 1504 2463 vers.sed
1520 2425 1607 2460 hanc
1623 2449 1633 2458 .

1095 2494 1110 2520 1
1120 2493 1162 2527 19
1182 2482 1314 2516 Autem·
1324 2486 1486 2523 nunquam
1497 2472 1608 2510 voluit
1621 2471 1815 2517 patrocinari
1835 2470 1866 2504 in
1888 2466 1987 2510 causis
1996 2473 2053 2510 pro

1188 2560 1192 2563 .
1234 2525 1441 2571 confovendis
1465 2519 1647 2565 hujusmodi
1661 2515 1848 2562 Recurfibus
1868 2515 1909 2550 acl
1930 2516 1946 2544 I
1950 2514 2056 2548 udices

1238 2580 1284 2610 La
1307 2585 1358 2608 cos
1373 2593 1382 2603 ·
1457 2593 1462 2597 -

1094 2635 1161 2661 120
1187 2585 1305 2659 Etiamy
1310 2617 1513 2665 emphyteusis
1530 2613 1712 2662 temporalis
1737 2612 1777 2647 ad
1792 2608 1960 2654 Ecclesiam
1972 2616 2060 2643 tran-

1234 2671 1332 2707 slata,
1342 2676 1398 2713 pro
1409 2674 1545 2712 tempore
1554 2689 1562 2702 ‚
1571 2674 1634 2708 quo
1647 2661 1704 2696 illa
1715 2661 1820 2697 durat,
1836 2659 1956 2693 inducit
1967 2653 2058 2696 amis-

1233 2717 1349 2761 fionem
1368 2714 1597 2749 laudemiorum
1611 2733 1621 2750 ‚
1639 2718 1737 2755 quam
1760 2717 1820 2742 non
1845 2705 1966 2740 inducit
1986 2702 2054 2736 exi-

1238 2762 1316 2804 stens
1327 2760 1420 2807 penes
1436 2765 1578 2803 Laycum
1593 2781 1602 2790 .

1088 2817 1162 2850 ⁴121
1190 2812 1298 2848 Etiam
1319 2806 1587 2853 emphyteuticam
1600 2803 1681 2840 bona
1698 2807 1825 2849 Layco‚
1848 2811 1908 2835 non
1933 2795 2054 2833 amittit

1227 2857 1313 2904 spem
1327 2855 1555 2890 laudemiornm
1568 2856 1578 2891 ,“
1600 2859 1695 2898 prout
1705 2850 1795 2885 illam
1805 2846 1923 2882 amittit
1935 2848 2060 2890 Laycus

1233 2902 1500 2950 emphyteuticam
1517 2898 1657 2943 Ecclesia
1673 2922 1682 2931 .

1097 2964 1163 2989 122
1190 2951 1402 2997 Emphyteuta
1421 2958 1480 2982 non
1490 2947 1635 2990 solvente
1647 2953 1704 2991 per
1720 2942 1886 2990 triennium
1901 2944 2057 2976 canones,

1231 2995 1441 3044 emphyteusis
1453 2994 1647 3030 devolvitur
1660 2994 1701 3026 ad
1716 2989 1885 3025 Dominum
1897 3011 1907 3021 .

1094 3058 1109 3081 1
1119 3056 1157 3088 23
1185 3046 1311 3081 ludaeus
1325 3043 1366 3087 'esi
1376 3050 1481 3089 capax
1491 3037 1696 3087 emphyteusis
1707 3061 1716 3075 ‚
1743 3039 1821 3082 quia
1832 3033 1952 3069 nullum
1963 3030 2060 3074 infert

1235 3093 1370 3128 Domino
1385 3088 1607 3138 praeiudicium
1631 3088 1664 3119 in
1677 3083 1843 3119 laudemiis
1853 3104 1863 3119 ,
1889 3088 1946 3115 aut
1959 3079 2060 3113 devo-

1235 3139 1354 3175 lutione
1365 3161 1375 3177 ,
1385 3137 1456 3173 cum
1467 3134 1544 3171 bene
1554 3134 1693 3168 alienare
1699 3127 1790 3176 poffit
1803 3152 1813 3168 ,
1828 3128 1911 3175 quod
1917 3126 2060 3171 facere.)

1238 3187 1348 3231 nequit
1366 3182 1501 3227 Ecclesia
1515 3206 1525 3216 .
1943 3201 1946 3204 -

1101 3247 1116 3273 1
1124 3245 1169 3281 24
1192 3235 1320 3269 Iudaeus
1326 3228 1472 3278 poffidere
1481 3225 1572 3271 potest
1577 3223 1719 3268 stabilia,
1729 3220 1941 3268 praeterqua'm
1952 3222 1986 3256 in
1996 3225 2064 3255 vr-

1240 3280 1278 3315 be
1288 3303 1297 3317 ,
1317 3291 1355 3314 ac
1369 3280 1400 3313 in
1414 3285 1479 3312 toto
1493 3280 1586 3309 Statu
1599 3270 1809 3316 Ecclesiastico
1824 3294 1835 3305 .

1103 3341 1118 3367 1
1127 3339 1167 3376 25
1194 3329 1321 3365 Iudaeus
1331 3323 1394 3370 post
1406 3330 1536 3358 mortem
1547 3320 1732 3356 salvatoris
1745 3317 1785 3360 esi
1797 3319 1879 3354 inter
1890 3326 1999 3353 omnes
2009 3315 2069 3347 im·

1239 3369 1463 3453 potentiffissms
1477 3394 1487 3412 ‚
1496 3367 1664 3414 facilisque
1684 3363 1906 3445 conventioni}
1919 3387 1955 3445 ,Ρ

1839 3422 1880 3447 12
1959 3418 2017 3442 au-
