2295 3757
512 148 606 211 De
626 147 1056 227 Qtindenniis
1072 191 1089 219 ,
1123 149 1282 234 Cap.
1299 151 1693 220 CXXVIII.

195 258 254 293 ult.
264 257 280 298 s
280 267 332 304 up.
345 260 429 294 liter.
445 264 486 292 D.
500 258 657 303 versiculo
671 260 713 295 Θ
727 257 832 293 utru'm
845 259 912 294 lata
922 257 1074 301 sententia

194 304 353 342 verbo&
369 307 401 340 in
422 314 608 351 perpetuum
627 315 784 341 carcerem
797 307 940 340 damnati
950 331 958 345 ,
986 309 1073 350 Ricc.

180 343 286 407 ἐἰει-ἥ.
303 358 375 388 Cur.
387 352 628 401 Archiepiscop.
654 352 925 399 Neapolitan.95.
941 365 1007 388 n.1.
1016 354 1072 396 feu

196 409 496 488 unaeliziiiiszobstan
513 445 702 492 quod‚cnm
717 457 775 492 per
788 445 894 481 solum
908 446 1072 483 delicium

130 506 169 529 ιι
200 492 386 530 incurratur
399 493 537 530 infamia
549 494 767 546 cap-‘infames
781 499 813 529 6.
829 505 883 540 qu.
894 507 921 529 ι.
940 493 1018 529 satis
1033 496 1084 530 in-

202 539 248 573 di}
260 541 432 587 colligitur
446 551 540 575 mens
562 540 650 586 luris
664 565 672 577 ,
697 541 901 585 nesuperior
917 542 1078 578 Ecclefia-

198 587 300 622 {licus
315 589 460 632 patiatur
483 585 644 623 infamem
658 587 828 622 Beneficio
843 588 1073 625 Ecclesiastico

199 635 300 678 potiri
316 660 325 674 ,
350 646 386 671 nt
396 635 441 671 ab
454 645 496 670 eo
511 658 522 672 ‚
539 644 640 679 quem
657 635 856 678 praeveniens
868 634 1008 672 infamia
1020 647 1071 671 ar-

126 690 171 716 22
196 691 247 716 cet
261 682 302 717 ab
315 681 503 717 obtinendo
515 705 524 720 ‚
549 680 780 725 superveniens
798 683 940 719 eundem
952 683 997 718 ab
1010 683 1071 718 ob-

196 738 293 764 tento
302 729 440 764 deiiciat
449 726 616 774 l-Judz'ces
631 740 644 763 1
653 741 684 764 2.
697 735 729 764 C.
742 731 779 765 de
791 730 1029 776 &guitot-liat
1039 744 1071 767 2.

126 786 167 819 23
196 779 228 811 &
243 775 538 823 quemadmodum
554 775 749 821 prohibetur
767 776 904 812 infamis
917 777 1071 823 provide-

200 821 226 859 ri
241 830 308 868 cap.
322 822 495 867 infamibus
509 826 564 863 87.
579 825 616 858 de
628 824 725 869 regul.
735 823 821 869 Jur.
831 827 863 859 in
875 830 909 860 6·
930 824 979 859 ita
993 837 1072 871 pro-

127 880 174 912 24
202 868 287 905 visus
303 894 312 908 ‚
342 869 480 906 effeetus
493 869 631 906 infamis
643 895 652 910 ,
677 873 696 905 a
711 871 880 907 Beneficio
897 883 1073 909 removea-

195 926 249 953 tur
266 939 275 954 ,
295 915 402 963 Joan.
417 920 528 953 Andr.
539 919 572 952 in
591 919 651 953 dic.
663 927 730 965 cap.
740 917 913 963 infamibus
919 918 993 961 sub.
1003 931 1071 955 πα.

194 963 351 1007 versiculo
365 968 409 1001 ζα*
421 967 498 1001 dicit
510 991 518 1005 ,
541 966 622 1012 quia
646 966 714 1000 haec
724 966 841 1001 omnia
852 965 1044 1011 procedunt
1057 991 1068 1005 ,

195 1010 221 1047 fi
243 1009 369 1048 feratur
392 1010 554 1048 sententia
568 1036 577 1051 ‚
602 1024 659 1058 per
672 1023 776 1058 qnam
789 1012 850 1049 fiat
875 1010 1069 1055 hujusmodi

195 1058 364 1098 remotio,
375 1059 453 1094 cum
468 1058 603 1095 interim
617 1061 696 1096 ante
708 1059 901 1095 sententiam
913 1060 1071 1106 privato-

193 1105 279 1141 riam
293 1104 361 1150 ipsa.
374 1118 479 1154 peena
493 1119 560 1142 non
573 1108 758 1152 applicetur
769 1133 779 1147 ,
791 1107 948 1153 liciteque
963 1108 1068 1142 Bene-

123 1165 164 1200 ας
192 1152 309 1188 ficium
320 1156 440 1190 retinet
461 1154 661 1201 delinquens
676 1180 684 1194 ,
705 1154 864 1200 adeoque
875 1154 1004 1190 utillud
1019 1165 1070 1190 re-

193 1200 323 1246 fignare
335 1199 435 1246 poffir
447 1201 563 1237 medio
575 1211 726 1247 tempore
738 1225 748 1241 ‚
778 1206 899 1237 Lotter.
918 1203 956 1236 de
967 1213 1003 1238 re
1017 1201 1070 1238 be-

191 1246 253 1292 nef.
263 1246 356 1292 lib.3.
370 1259 486 1295 φης.
496 1253 588 1291 n.64.

240 1295 360 1341 Longe
375 1296 487 1332 minus
497 1300 635 1335 relevat,
648 1295 745 1340 quod
758 1295 1011 1332 condemnatus
1022 1295 1070 1332 ad

124 1348 168 1381 26
190 1341 430 1388 remigandum
451 1343 678 1388 aequiparatur
699 1342 935 1380 condemnato
946 1345 990 1381 ad
1002 1355 1071 1379 me-

195 1390 312 1425 tallum
336 1399 405 1436 cap.
417 1391 556 1436 qualiter
569 1401 624 1434 24.
637 1390 662 1425 il
674 1402 703 1425 2.
715 1392 753 1427 de
764 1392 955 1435 accusation.
973 1391 1071 1427 dam-

126 1449 171 1484 27
194 1446 295 1472 natus
318 1437 399 1472 vero
419 1438 453 1472 in
467 1438 645 1473 metallum
673 1436 820 1474 efficitur
840 1436 951 1474 servus
960 1449 1071 1485 poenae

192 1484 217 1520 Ι.
226 1486 260 1519 in
279 1484 444 1520 metallum
457 1496 490 1527 4.
498 1483 533 1531 ff.
549 1486 586 1520 de
599 1483 688 1520 bonis
705 1486 953 1533 proscriptorum
965 1512 974 1526 ,
995 1487 1019 1521 l.
1030 1496 1072 1521 ex

187 1531 278 1576 fabio
295 1539 381 1574 17.§.
395 1533 505 1574 Siquis
515 1541 649 1577 rogatus
657 1536 690 1567 6.
701 1533 725 1567 il
737 1530 806 1578 2.ff·
819 1536 860 1569 ad
869 1533 1073 1575 Senatuscon-

187 1579 266 1623 [ult.
290 1576 426 1614 Trebell.
438 1579 545 1620 l.sunt
557 1581 686 1621 quidem
703 1590 755 1621 17.
766 1578 805 1625 ff.
818 1581 855 1616 de
865 1590 944 1628 poen.
957 1580 1072 1627 estque

121 1630 168 1666 28
193 1623 332 1661 infamis
350 1626 409 1661 l.1.
421 1623 456 1671 ff.
471 1627 506 1660 de
517 1626 625 1661 hereri.
639 1624 734 1665 insiit.
752 1624 909 1663 &servus
925 1638 993 1663 non
1008 1638 1072 1672 po-

192 1673 255 1709 test
264 1672 472 1709 Beneficium
481 1672 630 1708 obtinere
641 1698 652 1712 ‚
662 1673 741 1708 cnm
752 1685 815 1718 pro
826 1673 934 1710 nihilo
947 1673 1072 1716 habea·
1129 1694 1132 1697 -

191 1731 249 1758 tur
261 1722 284 1757 l.
297 1723 381 1770 quod
391 1722 504 1756 attinet
518 1731 571 1764 32.
579 1716 616 1765 ff.
627 1721 664 1755 de
676 1721 779 1766 regul.
791 1720 880 1767 Jur.
892 1721 1004 1757 immo
1013 1721 1075 1758 ha-

122 1787 169 1822 ²9
190 1769 288 1804 betur
301 1779 365 1814 pto
377 1766 517 1803 mortuo
526 1767 548 1802 l.
553 1766 750 1809 servitutem
764 1779 842 1811 109.
849 1766 887 1814 ff.
900 1771 968 1805 eod.
978 1767 1072 1804 und&

191 1813 359 1861 sequitur,
382 1825 485 1851 omne
495 1815 550 1857 jus
561 1813 716 1849 amittere
729 1814 763 1849 in
780 1814 951 1851 Beneficio
962 1840 973 1856 ,
987 1815 1073 1852 taci-

190 1862 293 1909 teque
302 1873 361 1909 per
370 1861 577 1909 consequens
587 1872 631 1897 eo
642 1861 816 1907 privatum
829 1862 953 1900 censeri
963 1874 1005 1900 ex
1018 1874 1072 1904 eo,

123 1929 168 1965 30
190 1910 290 1956 quod
311 1908 520 1945 Beneficium
539 1909 642 1945 datur
664 1919 800 1955 propter
815 1909 975 1947 officium
1000 1919 1071 1955 cap.

187 1957 284 2001 fiii-de
295 1957 482 2002 Refer-imin
493 1961 528 1992 6.
541 1955 625 2002 quia
637 1954 749 1992 immo
758 1957 1011 1993 condemnatus
1024 1957 1072 1993 ad

191 2003 344 2040 triremes
355 2002 459 2039 etiam
470 2003 698 2050 aequiparatur
709 2002 854 2039 bannito
865 2028 877 2044 ,
895 2005 955 2051 qui
969 2016 1072 2041 non-2

124 2069 143 2106 3
152 2071 168 2096 ι
193 2049 321 2086 dicitur
341 2048 480 2086 infamis
492 2074 504 2090 ,
530 2052 582 2085 vel
609 2049 836 2094 aequiparatur
860 2052 1045 2095 deportato
1059 2076 1070 2092 ‚

194 2097 258 2142 qui
281 2099 407 2134 nullam
422 2097 549 2142 pariter
570 2097 746 2132 contrahit
757 2097 840 2133 inde
863 2098 1041 2135 infamiam
1059 2123 1071 2139 ,

192 2146 325 2190 Riccius
336 2146 404 2180 dec.
414 2144 659 2192 cuv-..archiep
669 2146 856 2192 Neapolita
865 2158 921 2190 19.
933 2158 1002 2182 n-z.
1015 2149 1073 2184 iic,

192 2191 257 2236 fine
266 2217 277 2233 ‚
289 2195 334 2230 &-
346 2201 532 2239 n.3.par.1.
554 2196 589 2227 &
626 2192 683 2228 uia
696 2191 802 2228 necin
816 2193 981 2229 omnibus
992 2194 1075 2232 affl·

124 2258 170 2293 3²
193 2243 260 2280 bus
270 2242 354 2276 tales
363 2238 589 2275 condemnati
625 2247 687 2275 unt
697 2237 841 2277 infames
853 2243 998 2285 Riccaeit.
1009 2243 1074 2277 dec.

195 2300 264 2333 n.3.
273 2289 308 2324 in
318 2286 381 2330 fine
392 2286 552 2332 versiculo
563 2299 624 2323 non
633 2285 734 2329 obsint
737 2287 952 2335 supradib‘ios,
968 2287 1077 2333 junna

192 2334 352 2379 versiculo
364 2345 425 2369 non
438 2331 682 2377 obstatsecundo
695 2358 706 2373 ‚
728 2337 778 2370 vel
793 2336 876 2380 quia
889 2335 1078 2372 damatus

195 2387 242 2421 ad
265 2381 504 2428 remigandum
515 2405 527 2421 ,
551 2379 659 2417 hodie
671 2393 741 2418 non
755 2382 983 2429 aequiparatur
1003 2394 1079 2418 arn·

136 2446 155 2481 3
162 2446 178 2480 3
205 2429 294 2479 plius
309 2428 479 2465 damnato
487 2427 524 2464 in
536 2430 712 2464 metallum
724 2455 735 2469 ,
759 2441 867 2477 neque
879 2428 921 2466 fit
931 2430 1081 2476 amplius

202 2481 314 2516 servus
323 2487 431 2522 poenae
444 2485 500 2521 per
511 2478 629 2512 texam
641 2477 815 2521 „auth-sed
828 2477 920 2514 hodie
933 2483 968 2514 C.
981 2480 1017 2513 de
1027 2479 1082 2514 do-

196 2525 317 2564 nation.
326 2524 389 2558 inti
401 2523 471 2558 vir.
482 2524 523 2559 Φ
539 2533 597 2558 ux.
611 2525 746 2559 conciol-
759 2523 813 2567 rel'
809 2525 852 2560 ol.
864 2526 990 2560 crimin.
1002 2535 1082 2560 ver-

198 2573 240 2611 bo
249 2573 420 2606 damnatus
432 2570 473 2605 ad
484 2572 703 2616 remigandum
712 2571 836 2615 resola-
845 2583 913 2608 Μ.
922 2571 1082 2610 &verbo

197 2618 370 2669 appellatio
382 2627 505 2660 num-4.

249 2661 407 2709 Ejusdem
432 2661 537 2699 ferme*
560 2662 778 2701 irrelevantiae
801 2665 849 2702 est
871 2665 1080 2712 ponderatio

198 2715 288 2752 circa
310 2709 579 2747 condemnatum
592 2711 638 2749 ad
660 2722 862 2758 perpetuum
884 2724 1052 2750 carcerem
1066 2739 1077 2754 ,

131 2774 179 2812 34
188 2762 285 2812 quod
299 2758 373 2798 talis
385 2757 468 2793 inde*
485 2756 640 2793 videatur
653 2759 807 2803 privatus
819 2760 991 2797 Beneficio
1003 2760 1078 2806 ipso

198 2813 279 2862 Jure
291 2806 336 2843 ad
346 2804 477 2841 tradita
490 2815 548 2848 pet
558 2810 714 2842 Innocent.
726 2808 759 2841 in
768 2815 838 2853 cap.
849 2809 932 2844 inter
947 2809 1078 2844 dilectos

203 2873 219 2897 1
228 2871 259 2894 1.
269 2857 302 2892 in
312 2856 416 2902 prima
423 2852 514 2898 glosa
524 2853 562 2886 de
583 2851 723 2896 exceffib,
738 2853 870 2889 Praelat.
882 2854 1075 2903 compostell.

202 2910 236 2944 in
258 2911 328 2950 cap.
337 2900 419 2946 ficut
439 2902 473 2935 8.
500 2896 604 2934 'verbo
619 2898 647 2943 fi
670 2897 863 2943 confirmatio
883 2905 950 2938 eod.
970 2901 1081 2938 maxi-

200 2952 257 2989 me
269 2948 442 2996 loquendo
455 2947 496 2982 de
510 2945 691 2982 Canonico
702 2970 713 2986 ,
728 2946 808 2982 cum
821 2947 947 2984 debeat
963 2960 1081 2995 perpe-

132 3012 172 3046 35
200 2999 264 3037 tuo
274 2997 335 3033 effe
349 2994 465 3031 absens
477 2993 498 3028 a
511 2991 570 3027 suo
581 2993 809 3033 Canonicatu,
821 3005 881 3030 nec
893 2994 997 3039 poffit
1007 3007 1080 3032 am-

201 3047 290 3095 plius
311 3041 471 3079 deservire
494 3040 542 3075 ob
563 3038 729 3076 sublatam
743 3037 832 3086 spem
841 3040 992 3077 evitandi
1005 3054 1079 3088 Ροε-

203 3104 285 3130 nam
307 3091 331 3127 l.
345 3090 503 3126 intercidit
517 3099 532 3131 5
539 3099 572 3132 9.
581 3086 618 3133 ff.
629 3090 666 3123 de
678 3089 792 3124 condit.
805 3090 850 3124 Θ
863 3088 1007 3131 demonsi-
1018 3089 1080 3126 fic-

203 3152 270 3187 que
283 3137 418 3174 videtur
435 3137 588 3183 privatus
613 3135 828 3171 Canonicatu
837 3146 881 3172 ex
893 3146 936 3171 eo
946 3159 958 3175 ,
981 3135 1079 3182 quod

207 3186 253 3222 est
265 3183 442 3222 adstrictus
456 3182 532 3219 alibi
556 3182 602 3218 ad
614 3182 826 3218 refidentiam
837 3207 848 3223 ‚
872 3181 1019 3220 adinstar
1029 3181 1079 3220 as-

204 3232 368 3278 sequentis
380 3230 526 3278 aliquod
551 3230 662 3265 Benefi
667 3230 757 3265 cium
776 3228 977 3275 personalem
1001 3230 1079 3265 refi-

206 3278 358 3316 dentiam
370 3278 541 3325 requirens
553 3303 562 3317 ,
582 3276 654 3323 ipso
669 3277 746 3324 Iure
760 3287 912 3313 remanet
925 3276 1079 3322 privatus

205 3326 317 3372 primo
325 3324 537 3360 residentiam
545 3336 682 3371 quoque
693 3325 878 3371 requirente
890 3325 937 3360 ob
946 3324 1080 3359 incom-

207 3370 460 3420 patibilitatem‚
474 3374 554 3419 quia
566 3371 619 3407 his
630 3372 793 3408 omnibus
806 3372 994 3409 ratiociniis
1009 3384 1078 3409 non

206 3418 348 3460 attentis
359 3441 371 3461 2
382 3417 592 3458 contrarium
603 3417 669 3457 fuit
681 3418 876 3465 resolutum,
889 3432 959 3459 non
970 3429 1080 3460 rema-

1888 178 2014 245 437

1134 271 1209 297 nere
1232 264 1354 310 nempe¹
1369 264 1440 309 ipso
1456 266 1530 310 lure
1557 266 1728 311 privatum
1754 267 1796 303 ad
1811 269 1938 304 tradita
1952 282 2007 316 per
2036 274 2078 313 36

1134 312 1360 359 Rotamdec.5.
1375 324 1440 357 n.4.
1451 312 1556 355 iufine
1569 338 1578 352 ‚
1591 326 1627 348 ac
1639 323 1694 360 per
1709 323 1766 350 tot.
1781 317 1816 350 de
1826 316 1956 357 l'cntent.
1968 321 2011 352 (9·

1134 367 1168 390 re
1180 359 1310 403 judicat.
1323 361 1354 394 in
1367 362 1537 407 antiquior.
1551 365 1585 396 &
1607 359 1730 407 semper
1751 361 1930 408 requiritur
1947 362 2012 396 sen-

1135 405 1240 440 tentia
1253 405 1439 450 privatoria
1451 433 1460 446 ,
1486 408 1624 456 quoties
1640 408 1798 444 defletum
1821 407 1929 453 ipsum
1944 420 2013 443 non

1134 449 1237 487 habet
1252 463 1417 490 annexam
1432 466 1572 501 poenam
1586 455 1790 501 privationis
1803 455 1874 503 ipio
1887 454 1963 501 lure
1977 480 1986 489 .

1307 573 1943 624 ARGUMENTUM.

1130 688 1342 730 Canonicus,
1359 692 1583 738 quantumvis
1604 691 1784 729 ordinatus
1799 692 1835 728 in
1850 690 1948 728 sacris
1962 716 1971 731 ‚
1984 702 2108 739 perque

1180 737 1384 784 consequens
1397 739 1525 774 vocalis
1538 766 1546 780 ‚
1573 739 1674 775 libere
1689 741 1807 785 postea
1834 740 2033 775 renuncians
2047 737 2108 773 sua:

1181 785 1255 818 voci
1268 786 1394 823 activae,
1409 797 1470 821 nec
1485 798 1607 822 curans
1622 787 1754 833 ingredi
1770 787 1970 831 Capitulum
1987 787 2031 822 ad
2047 783 2110 820 suf—

1180 831 1325 876 fragium
1343 832 1425 868 inibi
1439 832 1612 869 ferendum
1628 859 1636 872 ,
1650 834 1761 869 adhuc
1777 859 1784 873 ,
1801 847 1872 869 non
1887 834 2045 869 obstante
2060 843 2107 867 re-

1179 879 1395 915 nunciatione
1408 881 1513 920 vocis,
1528 881 1749 917 nihilominus
1764 890 1897 916 tenetur
1915 880 2110 915 contribue-

1175 936 1210 959 re
1226 926 1268 960 ad
1282 927 1526 972 quindenninm
1539 929 1582 964 de
1599 929 1819 978 Emphyteufi
1832 940 1887 972 per
1907 929 2108 974 Capitulum

1176 976 1356 1018 tamquam
1370 985 1509 1010 manum
1523 986 1696 1012 mortuam
1711 974 1847 1021 poisess'a
1860 1000 1870 1009 .

1362 1070 1885 1107 SUMMARIUM.

1176 1174 1192 1198 1
1222 1163 1395 1199 canonicus
1419 1176 1478 1200 non
1504 1167 1668 1201 ordinatus
1682 1167 1713 1200 in
1722 1164 1825 1207 sacris
1850 1171 1974 1200 tenetur
1995 1165 2111 1200 contri-

1272 1209 1365 1245 buere
1377 1213 1418 1246 ad
1429 1214 1650 1258 quindennium
1661 1237 1670 1246 .

1179 1270 1198 1293 2
1223 1261 1331 1301 Nemo
1340 1258 1436 1304 potos}
1449 1271 1489 1295 ex
1504 1260 1631 1295 malitia
1638 1259 1700 1303 sua
1714 1259 1914 1294 commodum
1930 1266 2089 1305 reportare
2100 1282 2110 1293 .

1181 1316 1199 1350 3
1227 1307 1401 1341 Canonicus
1425 1309 1612 1342 renuncians
1631 1308 1710 1344 voci
1732 1305 1836 1342 adhuc
1855 1307 2109 1352 participatdu

1272 1354 1458 1399 quindennio
1471 1379 1481 1386 .
1649 1368 1652 1372 ’

1176 1409 1202 1443 4
1225 1401 1424 1443 Renuncians
1437 1400 1640 1445 universitati
1654 1425 1664 1441 ,
1678 1401 1782 1438 adhuc
1798 1408 1924 1436 tenetur
1936 1402 1977 1436 ad
1990 1411 2083 1436 onera
2096 1424 2108 1441 ,

1181 1456 1197 1489 ς
1227 1448 1401 1482 Canonicus
1419 1459 1479 1484 non
1491 1451 1657 1485 ordinatus
1681 1450 1714 1484 in
1737 1448 1844 1490 sacris
1865 1459 1927 1483 non
1939 1447 2035 1484 habet
2049 1457 2112 1484 vo·

1272 1505 1338 1528 cem
1354 1519 1364 1529 .

1178 1542 1202 1576 6
1225 1541 1311 1576 Idem
1323 1539 1400 1577 bene
1409 1543 1604 1592 participare
1611 1541 1707 1591 potest
1719 1543 1758 1578 de
1769 1543 1959 1588 quindennio
1975 1567 1986 1579 .

1176 1598 1200 1632 7
1225 1589 1311 1624 Idem
1324 1597 1446 1625 tenetur
1455 1589 1650 1627 contribuere
1659 1599 1716 1638 pro
1731 1591 1923 1637 quindennio
1933 1614 1946 1626 .

1236 1680 1710 1722 CAPITULUM
1759 1685 1924 1720 CXXIX.

1133 1776 1284 1862 HOC
1293 1781 1371 1824 Cap.
1385 1776 1592 1816 inserendum
1613 1790 1686 1816 erat
1701 1776 1838 1815 inferius
1850 1779 1926 1824 post
1942 1783 2018 1826 Cap.

1244 1829 1429 1862 CXXXIX.
1447 1824 1502 1862 sed
1518 1837 1575 1873 per
1592 1837 1739 1863 errorem
1766 1825 1896 1862 fuithic
1907 1826 2019 1863 collo-

1133 1883 1251 1908 catum
1267 1897 1277 1908 .
1302 1872 1461 1909 Dicimus
1475 1873 1580 1921 igitur
1593 1875 1626 1910 in
1643 1874 1741 1910 dicto
1752 1878 2017 1928 Cup-CXXXIX.
2066 1889 2084 1917 2

1131 1919 1346 1956 Canonicum
1361 1932 1431 1958 non
1443 1921 1646 1958 ordInatum
1661 1922 1694 1956 in
1710 1920 1811 1958 sacris
1825 1945 1836 1961 ‚
1859 1932 2016 1968 perque,

1132 1964 1340 2012 consequens
1353 1980 1422 2005 non
1437 1971 1591 2005 vocalem
1605 1995 1614 2009 ,
1635 1968 1705 2005 adh
1712 1970 1753 2004 uc
1765 1969 1873 2005 teneri
1887 1968 2017 2005 contri-

1131 2013 1232 2050 buere
1242 2015 1288 2050 ad
1301 2015 1549 2063 quindennium
1564 2041 1574 2055 ‚
1590 2017 1624 2052 in
1642 2014 1789 2061 praesenti
1805 2015 1990 2052 videndum
2003 2039 2016 2056 ,

1130 2062 1229 2109 quod
1241 2061 1405 2100 viceversa
1415 2063 1614 2099 Canonicus
1639 2063 1822 2099 ordinatus
1842 2063 1880 2099 in
1895 2059 1993 2100 sacris
2005 2086 2017 2102 2

1130 2120 1256 2157 perque
1267 2109 1475 2158 consequens
1489 2110 1618 2146 vocalis
1631 2136 1640 2151 ,
1664 2121 1696 2145 re
1703 2110 1902 2147 nunciando
1916 2111 2018 2151 voci,

1133 2165 1288 2193 attamen
1310 2166 1462 2193 teneatur
1488 2157 1534 2193 ad
1569 2156 1806 2194 contributum
1828 2169 1893 2202 pro
1918 2157 2019 2206 quin-

1133 2203 1273 2243 dennio‚
1285 2202 1495 2244 resolvendo,
1506 2206 1604 2250 quod
1619 2204 2017 2250 Canonicus‚qnantum-

1137 2251 1188 2287 vis
1195 2251 1382 2290 ‚ordinatus
1395 2252 1429 2287 in
1445 2250 1544 2287 sacris
1561 2277 1572 2292 ,
1601 2263 1728 2299 perque
1741 2251 1947 2299 consequens
1958 2264 2019 2289 vo-

1136 2298 1218 2334 calis
1228 2323 1239 2339 ,
1257 2298 1358 2334 libere
1368 2299 1487 2345 postea
1500 2299 1701 2335 renuncians
1714 2298 1776 2334 suae
1790 2301 1867 2336 voci
1879 2301 1996 2336 affivae
2005 2324 2017 2341 ,

1136 2357 1198 2381 nec
1209 2356 1330 2382 curans
1341 2345 1471 2391 ingredi
1481 2346 1680 2391 Capitulum
1692 2346 1737 2383 ad
1749 2346 1943 2393 suffragium
1953 2346 2019 2383 ini-

1138 2393 1173 2428 bi
1184 2391 1371 2432 ferendnm,
1383 2393 1498 2429 adhuc
1513 2405 1581 2428 non
1593 2393 1747 2431 obstante
1762 2393 2019 2431 renunciatione

1140 2439 1234 2475 vocis
1245 2464 1255 2478 ‚
1268 2439 1488 2476 nihilominus
1501 2450 1627 2477 tenetur
1638 2441 1851 2478 contribuere
1860 2442 1905 2478 ad
1916 2440 2019 2488 quin-

1139 2487 1303 2523 dennium
1332 2487 1375 2522 de
1403 2488 1618 2535 Emphyteufi
1643 2500 1703 2535 pet
1713 2488 1911 2534 Capitulum
1930 2499 2018 2525 tam-

1139 2537 1248 2582 qua‘m
1260 2545 1401 2569 manum
1417 2545 1590 2570 mortuam
1604 2534 1884 2583 polsess'a‚quippe
1897 2547 1956 2583 per
1968 2535 2019 2573 so-

1139 2584 1207 2618 lam
1222 2581 1515 2617 renunciationem
1543 2582 1636 2618 vocis
1649 2583 1726 2629 quis
1735 2594 1804 2618 non
1826 2584 1949 2619 definit
1957 2583 2022 2622 effe

1139 2630 1182 2665 de
1198 2629 1364 2673 Capitulo
1375 2653 1385 2667 ‚
1399 2629 1622 2674 quantumvis
1635 2630 1671 2665 in
1682 2641 1725 2666 eo
1736 2628 1858 2676 sponte*
1871 2643 1953 2667 voce
1963 2642 2021 2668 ca-

1137 2686 1221 2715 reat,
1234 2685 1336 2720 prout
1349 2686 1410 2711 nec
1424 2675 1547 2712 definit
1560 2676 1622 2712 effe
1635 2677 1843 2718 Canonicus,
1858 2678 1906 2715 ob
1914 2691 2021 2725 qnam

1137 2722 1339 2769 qualitatem
1366 2721 1611 2759 canonicalem
1627 2724 1661 2760 in
1676 2726 1892 2761 renunciante
1912 2738 2022 2763 rema-

1137 2779 1274 2805 nentem
1287 2768 1392 2805 etiam
1406 2769 1480 2816 post
1492 2769 1671 2816 sequutam
1692 2772 2021 2809 renunciationem...

1136 2827 1270 2853 tenetur
1286 2817 1499 2852 contribuere
1513 2818 1667 2854 adinstar
1679 2820 1822 2856 aliorum
1836 2821 2021 2856 Concano·

1139 2863 1294 2899 nieorum
1307 2875 1378 2899 non
1390 2865 1663 2901 renunciantium
1675 2868 1826 2906 voci,nec
1836 2868 1945 2912 potest
1960 2865 2020 2903 sua

1138 2909 1394 2947 renunciatione
1410 2911 1630 2957 praejudicare
1644 2913 1709 2956 juri
1723 2913 1824 2952 tertii,
1835 2913 2020 2958 gravando

1139 2957 1198 2994 sub
1210 2955 1368 3003 captioso
1393 2967 1555 3004 praetextu
1584 2960 1848 2996 renunciationis
1872 2961 2019 3007 reliquos

1137 3005 1333 3040 Canonicos
1348 3016 1417 3041 non
1431 3006 1681 3046 renunciantes,
1694 3017 1796 3041 nemo
1807 3006 1894 3040 enim
1907 3007 2018 3050 potest
2066 3025 2087 3049 2

1136 3062 1179 3087 ex
1192 3051 1324 3087 malitia
1335 3050 1393 3087 sua
1404 3053 1632 3089 commodum
1659 3062 1830 3098 reportare
1842 3061 1911 3098 cap.
1927 3055 2018 3090 intel-

1136 3099 1274 3135 teximus
1288 3111 1322 3143 7.
1333 3101 1370 3135 de
1381 3098 1480 3142 indic.

1183 3147 1303 3192 quue
1314 3146 1424 3182 modo
1434 3170 1445 3186 ,
1458 3157 1529 3192 quo
1539 3144 1732 3181 Canonicus
1744 3145 1944 3182 renuncians
1954 3146 2017 3184 suae
2066 3164 2087 3198 3

1137 3191 1241 3232 voci,
1263 3193 1379 3228 adhuc
1393 3193 1572 3237 tamquam
1587 3191 1762 3235 persistens
1787 3192 1992 3239 Capitularis
2005 3221 2018 3237 ,

1135 3238 1208 3274 five
1218 3239 1333 3274 adhuc
1346 3238 1407 3274 effe
1420 3238 1624 3274 continuans
1641 3237 1684 3273 de
1706 3239 1870 3284 Capitulo
1884 3267 1894 3282 ‚
1920 3243 2019 3279 adin·

1137 3285 1204 3320 star
1213 3294 1417 3320 coeterorum
1428 3284 1697 3325 Canonicorum,
1708 3283 1762 3321 seu
1770 3286 2018 3333 capitularium

1137 3342 1207 3366 non
1222 3331 1490 3367 renunciantium
1501 3356 1512 3371 ,
1525 3330 1559 3366 in
1570 3331 1714 3368 nihilum
1728 3334 1884 3371 obstante
1901 3335 1957 3373 sua
1968 3348 2018 3373 re-

1137 3377 1356 3413 nunciatione
1378 3376 1560 3423 participat
1591 3378 1634 3414 de
1661 3380 1873 3427 quindennio
1897 3384 2017 3419 debito

1136 3425 1299 3472 Capitulo
1310 3424 1468 3462 Domino
1481 3424 1615 3465 directo
1623 3438 1690 3475 pro
1701 3430 1922 3477 Emphyteufi
1937 3442 2018 3480 con-

1888 3479 1972 3513 cella
