2295 3757
496 132 594 196 De
614 127 1073 212 Qindenniis,
1108 129 1269 215 Cap.
1289 129 1673 198 LXXVIII.
1875 158 1996 223 >349

182 245 320 281 forsitan
330 245 376 281 ob
389 245 555 288 majorem
578 243 622 278 ad
634 243 730 278 illum
743 239 955 277 affeelioncm
972 265 981 279 ‚
1004 243 1053 277 vel

181 294 228 328 ob
240 293 464 328 commodum
473 302 514 326 ex
530 289 620 327 illius
639 286 813 324 vicinitate
826 313 836 327 ‚
862 290 911 322 vel
927 288 973 322 ob
984 300 1054 324 nia-

182 343 286 383 jomm
298 340 385 374 illius
397 341 573 376 culturam.
586 338 636 371 vel
645 335 692 371 ob
705 334 811 370 aliam
825 334 962 369 similem
975 345 1053 370 cau-

183 385 252 422 sam
268 411 277 425 ,
292 386 401 432 licque
415 383 585 420 firmando
596 407 605 420 ‚
631 381 832 417 mandatum
842 379 993 416 sufficere
1008 380 1053 416 ad

185 433 390 479 exigendum
403 428 609 479 quindennia
622 430 654 463 in
668 439 786 473 genere
800 428 820 462 εἰ
840 425 1054 472 quibuscum—

185 490 251 526 que
264 480 419 515 manibus
429 476 572 514 mortuis
596 474 638 509 de
649 473 914 528 quibuscumque
928 472 1053 513 fundis,

187 526 336 562 notabile
352 523 523 561 inducitur
534 521 764 568 praejudicinm
780 521 936 556 Domino
950 545 960 558 ‚
975 521 1056 565 qui,

187 573 350 617 patiendo
363 570 569 618 quindennia
579 570 775 614 generaliter
795 567 883 613 exigi
898 592 908 607 ,
927 567 986 603 sibi
999 579 1056 612 ge-

184 620 337 655 neraliter
366 615 562 664 praejudicat
585 616 619 650 in
642 617 713 658 jure
736 614 940 662 praelationis
962 614 1056 659 super

189 666 349 702 omuibus
372 663 436 700 suis
460 661 574 698 fundis
588 687 597 701 ‚
618 662 714 708 quod
738 663 861 698 durum
874 671 1054 710 propemo-

189 714 273 751 dum
287 711 418 747 videtur
432 731 441 749 ⁵
457 720 496 745 ac
508 709 609 745 nimis
620 710 829 746 inverisimile
844 735 853 745 .

234 762 280 794 11.
303 758 488 801 Objeetum
509 757 551 792 eo
565 756 673 792 tendit
687 781 699 796 ,
719 757 814 803 quod
839 756 939 792 verba
950 766 1055 802 quan-

187 804 301 843 tunvis
321 803 489 850 generalia
501 829 511 843 ‚
536 804 675 839 veniunt
699 803 929 854 restringenda
942 828 951 842 ‚
982 802 1054 847 quo

189 853 301 889 minus
316 851 438 887 laedant
452 849 671 899 proferentem
682 876 691 891 ,
704 855 736 886 &
749 850 922 896 praelertim
933 848 978 884 ad
991 850 1056 883 evi-

186 899 327 936 tandum
340 897 520 934 absurdum
538 923 548 937 ,
574 898 707 944 operari
719 896 843 933 debent
865 907 969 932 unum
983 905 1058 932 tan-

182 946 258 981 tum
269 945 423 981 effeelum
437 945 647 981 verifimilem
659 971 668 985 ,
682 954 723 981 ac
733 944 925 991 cogitatum
937 943 1054 990 quoad

184 993 415 1030 liberatlonem
429 1003 719 1038 quarumcumque
727 1002 890 1026 manuum
904 999 1055 1024 mortua-

183 1051 260 1076 rum
273 1039 469 1075 solventium
493 1039 550 1074 tali
566 1039 776 1075 procuratori
793 1064 801 1078 ,
824 1049 891 1073 non
904 1046 1055 1072 autem-.-

182 1087 289 1123 alium
299 1085 465 1122 diversum
480 1085 633 1121 effeetum
648 1110 658 1126 ,
681 1090 714 1121 δι
735 1084 876 1132 quidem
898 1084 1056 1131 praeJ'udi-

185 1134 307 1170 cialem
321 1158 331 1174 ,
345 1133 592 1170 inverifiinilem
604 1157 614 1173 ,
631 1144 670 1170 ac
680 1132 908 1178 incogitatum
919 1155 929 1170 ‚
954 1129 1056 1179 quod

116 1195 163 1228 24
184 1181 261 1230 quis
271 1180 447 1235 exaffione
458 1179 742 1228 quindenniornm
753 1176 966 1224 praesumatur
977 1179 1056 1213 velle

183 1239 380 1266 renunciare
404 1227 468 1272 juri
490 1225 697 1273 praelationis
717 1225 810 1271 super
823 1225 1055 1261 alienatione>

182 1275 340 1312 omniurn
354 1273 486 1310 suorum
497 1273 683 1309 fundorum
709 1274 732 1309 l.
743 1274 877 1311 creditor
887 1277 976 1312 60.§.
993 1277 1057 1308 Lu-

183 1325 254 1358 cius
263 1334 295 1367 4.
307 1318 345 1368 ff.
357 1322 497 1356 mandat.
508 1321 530 1355 l.
536 1320 618 1362 scire
629 1330 751 1367 oportet
766 1328 850 1364 13.§.
861 1320 971 1355 ,Aliud
989 1319 1056 1364 μῆ.
1078 1353 1080 1357 ,

185 1372 224 1406 de
237 1368 377 1410 excusat.
389 1375 451 1403 tut.
463 1368 521 1402 l.1.
531 1367 569 1412 ff.
583 1367 620 1402 ne
633 1370 711 1414 quid
723 1370 756 1404 in
767 1367 826 1403 loc.
837 1367 927 1415 publ.
939 1365 1057 1403 Barbo-

181 1417 218 1461 sa
226 1417 366 1451 axiam-2
373 1427 389 1450 2
396 1427 428 1450 2.
438 1426 468 1449 n.
473 1425 488 1459 3
495 1426 528 1458 9.
541 1425 613 1449 cum
616 1416 703 1462 seqq.

233 1461 464 1497 Nihilominus
484 1460 597 1496 adhuc
618 1461 778 1497 resolutio
805 1460 908 1497 etiam
932 1461 1053 1509 quoad

183 1511 230 1544 ΙΙ.
243 1507 367 1544 Casum
383 1533 393 1548 ‚
416 1508 466 1543 seu
480 1519 611 1554 partem
625 1508 710 1543 bene
733 1509 871 1544 firmata
885 1519 1024 1555 apparet
1039 1533 1051 1548 ‚

185 1566 289 1602 prout
302 1559 373 1600 jam
387 1555 659 1591 demonstratum
671 1556 788 1601 quoad
802 1559 830 1590 1.
842 1555 966 1591 Casum
980 1582 989 1596 ,
1003 1555 1058 1592 seu

183 1603 363 1652 partem‚in
376 1602 482 1637 nihilfi
493 1602 710 1639 moventibus
722 1602 1059 1647 recensitisObJ'eetis.

233 1651 317 1685 Non
331 1650 418 1684 enim
429 1649 539 1684 obstat
553 1651 580 1682 1.
595 1650 688 1695 Qa
704 1650 764 1686 fibi
777 1651 943 1695 imputare
956 1650 1057 1687 debet

187 1697 363 1732 Dominus
375 1696 521 1731 direstus
534 1720 544 1735 ,
565 1699 662 1741 quod
691 1695 765 1732 usus
777 1695 879 1733 fuerit
893 1699 937 1732 ad
961 1708 1057 1734 com-

184 1743 391 1778 mittendum
402 1742 611 1778 exastionem
621 1743 906 1790 quindenniorum
917 1755 1056 1790 genera·

188 1790 282 1826 litate
293 1793 365 1826 tam
378 1788 562 1826 fundorum
573 1815 583 1829 ‚
608 1792 714 1836 quam
725 1801 890 1829 manuum
903 1801 1054 1827 mortua.

186 1849 263 1875 rum
275 1836 378 1873 scleris
389 1861 400 1877 ‚
428 1839 478 1872 vel
496 1835 577 1872 scire
595 1836 712 1875 saltem
726 1840 741 1883 (
753 1839 851 1885 quod
872 1837 952 1875 satis
976 1839 1050 1883 est)

187 1882 424 1932 praesumptus,
449 1883 550 1929 quod
559 1896 601 1919 ex
613 1887 803 1931 receptione
824 1885 1052 1932 quindennio-

185 1943 261 1968 rum
271 1929 456 1966 censeretur
466 1930 599 1966 voluifl'e
611 1932 804 1968 renunciare
812 1932 879 1975 juri
888 1930 947 1968 suo
958 1931 1051 1978 super

187 1977 379 2024 praelatione
390 2003 399 2018 ‚
420 1975 504 2013 alias
517 1977 539 2012 fi
554 1975 650 2024 super
661 1978 778 2025 aliquo
790 1991 831 2015 ex
843 1978 910 2014 suis
935 1977 1060 2015 fundis

187 2025 418 2071 praetenderet,
433 2022 484 2059 seu
495 2023 683 2061 intenderet
690 2027 898 2073 quandoque
908 2024 1052 2072 praeferri

188 2071 360 2107 eveniente
372 2068 448 2106 casu
459 2071 672 2107 alienationis
682 2097 694 2114 ,
716 2085 786 2110 non
797 2072 874 2109 sane
887 2073 1054 2109 concede-

186 2127 238 2154 ret
249 2117 453 2153 mandatum
475 2116 521 2153 ad
534 2118 741 2164 exigendum
752 2120 1000 2165 quindenuium
1014 2120 1051 2156 in

185 2175 305 2211 genere
317 2164 362 2200 ab
374 2163 534 2199 omnibus
548 2166 704 2201 manibus
717 2167 885 2206 mortuis',
899 2165 955 2205 sed
967 2166 1050 2203 faci-

184 2211 218 2247 le
227 2210 478 2250 mentemiuam
487 2212 628 2258 aperiret
640 2212 865 2258 specificando
887 2215 910 2252 a
918 2211 1053 2262 quibus-

186 2269 268 2295 nam
283 2257 441 2294 manibus
453 2258 609 2299 mortuis,
621 2263 655 2297 &
665 2261 708 2297 de
722 2261 924 2307 quibusnam
937 2261 1053 2298 fundis

186 2307 303 2359 vellet3
320 2305 418 2358 quod
432 2309 637 2343 Procurator
650 2308 860 2354 quindennia
878 2309 1025 2355 exigeret
1039 2331 1051 2348 ,

185 2351 278 2387 unde
286 2354 393 2388 tn'talt
407 2351 482 2389 casu
499 2354 598 2390 verba
609 2355 779 2399 generalia
791 2356 840 2392 ita
853 2357 1053 2402 generaliter

186 2397 371 2445 producere
383 2398 506 2437 debent
517 2399 673 2438 effeetum
684 2414 800 2439 eorum
815 2404 872 2440 l.1.
885 2409 1053 2444 §.Genera-

187 2447 261 2481 liter
277 2458 306 2480 ι.
317 2444 391 2490 ffde
399 2446 495 2492 legat.
506 2447 810 2496 pr.ostand.l.regula
822 2463 854 2494 9.
868 2454 969 2490 §.Fim
977 2449 1055 2496 ff-de

188 2493 319 2540 Just&
325 2493 509 2542 fal-Zignor.
518 2495 540 2529 l.
548 2507 560 2529 1
568 2498 706 2534 .§.lnitio
716 2495 825 2543 4.ff.de
836 2497 1060 2543 offic-Praese&-

189 2537 359 2586 vrb.l.qui
366 2549 437 2584 jure
445 2541 581 2577 militari
587 2542 678 2585 7.l.in
682 2543 818 2586 fraudet
827 2556 841 2587 5
849 2543 931 2591 .ff.de
940 2545 1060 2585 tesiam.

187 2584 426 2625 minutissima
441 2598 495 2631 32.
504 2587 583 2636 ffiad
597 2591 855 2634 senatusconsult.
872 2591 1061 2628 Trebellian.

191 2633 250 2668 l.1.
263 2633 392 2679 §.Qod
404 2642 510 2669 autem
522 2646 552 2678 3.
559 2633 775 2681 ffidealeator.
788 2639 926 2684 Barbosa
939 2642 1061 2675 axiom.

195 2691 275 2714 222.
287 2689 361 2718 riu-3
369 2683 403 2714 6.
412 2683 574 2724 generalis
587 2682 675 2717 enim
690 2684 925 2723 mentio'idem
939 2696 1060 2732 opera-

199 2735 254 2761 tur
266 2725 385 2771 quoad
398 2727 524 2768 omnia,
538 2730 633 2773 quod
645 2729 792 2775 specialis
802 2734 918 2778 quoad
932 2734 1064 2779 fingula

193 2772 241 2817 l-si
255 2774 316 2808 duo
329 2783 384 2816 51.
396 2771 470 2818 ffide
479 2775 648 2818 adminislr.
658 2784 720 2812 tut.
732 2779 780 2822 ιβ
791 2780 910 2816 Chorus
919 2792 978 2825 79.
986 2778 1063 2826 ff-de

194 2821 329 2866 legat.3.
342 2819 477 2863 Barbosa
489 2824 606 2857 axiam.
614 2827 690 2858 106.
702 2836 817 2868 nu.15.

246 2867 329 2901 Non
343 2866 455 2902 obstat
468 2869 609 2914 II.Qa
619 2881 686 2904 non
698 2870 744 2905 est
757 2870 852 2917 casus
863 2872 1061 2910 inverisimi-

192 2913 234 2948 lis
246 2937 256 2952 ,
281 2923 324 2949 ac
347 2913 546 2958 inopinatus
554 2914 703 2960 praesumi
719 2929 820 2962 quem
847 2923 926 2956 velle
937 2933 1062 2957 renun-

194 2961 279 2997 ciare
294 2961 476 3006 praelat10ni
486 2960 579 3008 super
591 2964 750 3000 omnibus
763 2962 878 3001 fundis
888 2968 930 3002 de
943 2967 1057 3004 domi-

194 3008 252 3042 nio
262 3007 392 3044 direeto
409 3019 448 3043 ex
460 3007 530 3044 sola
539 3009 730 3055 receptione
743 3012 1030 3057 quindenniorurn
1045 3039 1057 3054 ‚

193 3063 293 3106 prout
305 3065 347 3089 ex
354 3055 547 3101 receptione
557 3057 806 3093 laudemiorum
819 3083 829 3097 ,
843 3060 984 3106 quando
995 3085 1006 3100 ‚
1021 3071 1061 3096 ut

196 3098 319 3152 incasti
331 3102 482 3147 expresse
494 3104 722 3140 committitur
736 3105 829 3140 alteri
852 3118 970 3142 eorum
983 3118 1061 3142 exa-

196 3147 266 3180 ἂιο
287 3149 460 3185 mediante
484 3151 653 3186 mandato
679 3154 831 3187 Procurae
856 3152 902 3187 ad
926 3154 1062 3199 exigen-

198 3192 280 3244 dum
291 3195 495 3240 quindennia
503 3198 522 3232 a
532 3198 796 3245 quibuscumque
807 3200 964 3235 manibus
973 3212 1064 3235 mot->

200 3247 280 3277 tuis,
291 3241 368 3276 cum
383 3246 597 3289 nullamajor
611 3247 700 3280 ratio
714 3245 835 3281 militet
850 3271 860 3286 ‚
875 3247 970 3293 quod
987 3249 1063 3293 quls

198 3284 366 3322 censeatur
385 3291 577 3326 renunciare
601 3293 786 3335 ptaelationi
821 3305 876 3338 per
899 3293 1063 3340 receptio-

200 3342 282 3384 nem.
291 3333 485 3376 quindennii
498 3338 542 3374 ab
555 3350 622 3373 una
636 3350 738 3375 manu
750 3351 888 3377 mortua
898 3364 908 3379 ,
924 3342 1030 3386 quam
1043 3341 1064 3377 a

201 3379 349 3423 pluribus
362 3381 516 3420 manibus
530 3387 672 3421 mortuis
686 3412 697 3421 .

1182 279 2006 331 ARGUMENTDM.

1113 382 1221 418 Tutor
1239 409 1247 422 ,
1260 382 1327 419 live
1346 383 1494 420 Curator
1506 410 1516 424 ,
1532 384 1609 420 lieet
1624 384 1776 421 habeant
1789 385 1989 421 mandatum
2007 388 2024 422 :i
2042 391 2086 423 le-

1159 441 1284 474 ge,uon
1301 441 1411 466 tamen
1424 432 1557 476 poliunt
1569 433 1756 468 consentire
1776 432 1991 467 translationi
2010 437 2086 467 lim-

1160 476 1332 522 pliyteulis
1346 478 1379 512 in
1395 490 1532 514 manum
1547 490 1718 515 mortuam
1735 505 1743 518 ‚
1770 491 1829 514 nec
1841 480 1973 523 exigere
1984 481 2085 524 quin-

1162 524 1324 573 dennium
1339 526 1360 559 :i
1374 537 1474 559 mauu
1498 537 1634 561 mortua
1653 538 1715 570 pro
1728 524 1836 561 fundo
1860 525 2090 571 emphyteuti-

1162 581 1204 605 co
1218 596 1227 609 ‚
1253 571 1303 605 lcu
1315 571 1358 606 de
1374 572 1501 608 diree‘to
1515 574 1674 608 dominio
1686 572 1809 619 pupilli
1826 598 1836 611 ,
1863 574 1911 607 vel
1923 574 2063 607 minoris
2078 595 2091 612 .

1165 617 1288 664 absque
1302 620 1496 654 Contutore
1512 645 1520 658 ‚
1539 620 1604 655 live
1622 623 1874 660 eoncuratorc,
1904 619 2090 664 caeteiisque

1162 662 1428 702 solemnitatibus
1457 667 1490 701 in
1513 667 1713 703 alienatione
1743 667 1912 702 bonorum
1948 666 2089 701 minoris

1160 712 1337 757 requisitis,
1347 717 1379 748 ὅ(
1393 712 1416 747 li
1431 712 1473 748 de
1487 711 1578 748 facto
1590 714 1684 748 aliter
1697 713 1949 758 [imphyteulim
1965 713 1998 748 in
2012 723 2085 748 nia-

1162 770 1243 794 num
1257 770 1430 796 mortuam
1453 759 1623 796 transferri
1638 758 1880 800 consenserint,
1911 761 1963 795 vel
1989 760 2089 795 aliter

1164 806 1408 851 quindenuium
1422 809 1592 853 exegerint
1603 833 1613 847 ‚
1627 819 1693 843 non
1705 807 1784 842 inde
1796 807 2014 852 praejudicant
2028 819 2090 852 pu-

1165 852 1244 896 pillo
1256 877 1265 890 ,
1279 851 1329 888 seu
1341 854 1461 889 minori
1475 880 1483 894 ,
1499 857 1546 889 vel
1559 855 1681 890 adulto
1698 855 1859 890 Dominis
1872 854 2024 892 direffis,
2040 854 2086 888 ad

1163 897 1316 936 effestum
1330 900 1594 947 recognoscendi
1619 912 1760 936 manum
1775 911 1946 936 mortuam
1961 901 1993 935 iu
2009 903 2088 934 Do-

1160 945 1292 981 minam
1309 948 1423 983 utilem
1437 974 1446 987 ‚
1472 947 1522 983 seu
1537 949 1796 994 emphyteutam
1811 972 1821 987 ‚
1848 949 1898 983 vel
1913 947 2026 982 saltem
2043 946 2090 982 ad

1161 991 1316 1028 effoetum
1338 994 1463 1030 eisdem
1479 994 1721 1040 praejudicandi
1749 994 1862 1037 injure
1886 994 2089 1039 praelationis

1160 1038 1253 1084 super
1277 1041 1481 1078 alienatione
1515 1042 1652 1079 forsitan
1679 1043 1886 1088 quandoque
1929 1043 1951 1076 a
1979 1051 2084 1077 manu

1160 1098 1298 1124 mortua
1311 1086 1399 1125 fasta
1412 1113 1422 1122 .

1338 1185 1852 1220 SUMMARIUM.

1165 1288 1181 1312 1
1210 1281 1318 1318 Tutor,
1334 1281 1377 1316 (φ
1396 1283 1533 1314 curator
1542 1276 1712 1324 plentffima
1722 1279 1842 1325 pollent
1856 1278 2046 1313 auctoritate
2059 1279 2091 1311 in

1256 1325 1406 1371 faciendis
1420 1328 1545 1372 quidem
1558 1325 1690 1361 utilibus
1702 1326 1823 1373 pupillo
1837 1350 1847 1365 ‚
1871 1328 1914 1361 εἴ)
1927 1327 2041 1359 minori
2057 1349 2067 1358 .

1164 1383 1183 1406 2
1210 1373 1303 1408 Tales
1313 1371 1426 1411 habent
1436 1374 1617 1408 mandatum
1630 1372 1650 1407 a
1664 1374 1733 1418 lege
1746 1398 1755 1407 .

1166 1429 1181 1462 3
1210 1425 1309 1456 Tutor
1320 1446 1330 1459 ‚
1351 1419 1422 1464 five
1437 1426 1569 1455 curator
1583 1428 1641 1454 non
1650 1419 1773 1466 poJJunt
1790 1419 2088 1466 emphyteuticam:

1258 1469 1368 1502 manui
1383 1476 1522 1504 mortua,
1540 1465 1581 1501 ab
1597 1478 1694 1514 eaque
1707 1468 1930 1513 quindennium
1943 1468 2067 1511 engere
2080 1491 2090 1500 .

1167 1523 1191 1556 4
1213 1520 1265 1550 Ex
1281 1512 1459 1557 conceffione
1474 1513 1692 1563 Emphyteufis
1703 1516 1744 1548 ad
1749 1514 1872 1557 favore
1883 1524 1995 1548 manus
2008 1523 2090 1547 mor-

1258 1569 1318 1596 tun
1331 1563 1490 1597 amittitur
1506 1560 1577 1607 spes
1590 1560 1803 1595 devolutionis
1817 1585 1827 1600 ‚
1849 1563 1893 1596 eb·
1916 1560 2088 1595 laudemin-

1259 1619 1352 1647 rum,
1368 1620 1406 1642 at
1421 1607 1561 1650 censetur
1576 1605 1734 1651 remissum
1747 1606 1798 1651 ius
1811 1608 2003 1653 pr.elationis
2015 1631 2024 1640 .

1165 1664 1181 1697 5
1210 1658 1321 1690 Tutor.
1334 1663 1392 1689 aut
1410 1660 1542 1689 Cui-ator
1554 1652 1670 1700 absque
1678 1652 1933 1696 solemnitatibus
1949 1665 2009 1688 non
2020 1653 2089 1699 pos-

1248 1702 1326 1744 sunt
1336 1701 1598 1748 emphyteutIcare
1607 1703 1647 1736 ad
1650 1701 1807 1745 favorem
1820 1711 1934 1736 manus
1943 1708 2088 1744 mortua„

1255 1760 1310 1783 nec
1322 1749 1515 1784 laudemium
1527 1745 1568 1782 ab
1583 1759 1618 1784 ea
1637 1750 1770 1794 recipere
1785 1773 1795 1782 .

1161 1798 1183 1832 6
1208 1797 1321 1831 Altus
1334 1797 1455 1842 petendi
1471 1794 1664 1830 laudemium
1678 1806 1736 1830 non
1749 1795 1789 1834 eli
1800 1795 1951 1830 alienatio
1965 1819 1976 1830 .

1159 1853 1181 1884 7
1207 1847 1258 1878 Ex
1279 1842 1591 1890 emphyteuticatione
1605 1841 1696 1885 satta
1727 1844 1768 1877 ad
1787 1842 1941 1886 favorem
1964 1850 2081 1877 manus

1251 1899 1380 1926 mortua:
1391 1890 1550 1924 amittitur
1559 1888 1581 1931 s
1572 1898 1629 1938 pes
1642 1889 1840 1924 alienationis
1857 1913 1867 1928 ,
1893 1892 1937 1925 (9
1947 1889 2086 1937 devolu-

1251 1939 1346 1973 tionis
1357 1961 1367 1972 .

1160 1986 1179 2019 8
1205 1990 1336 2029 Recepto
1346 1995 1407 2019 uno
1419 2007 1428 2021 ‚
1445 1983 1539 2018 alteri
1548 1983 1687 2024 censetur
1700 1985 1921 2019 renunciatum
1934 2008 1944 2018 .

1158 2042 1181 2075 9
1205 2031 1380 2078 Pupillus,
1409 2031 1453 2066 Θ·
1474 2032 1576 2064 minor
1580 2029 1664 2070 stare
1678 2029 1787 2066 debent
1800 2030 1948 2066 locationi
1960 2028 2088 2075 fab'taeci

1254 2081 1370 2114 Tutore
1381 2101 1391 2117 ‚
1412 2080 1456 2113 Θ·
1470 2081 1621 2112 curatore
1634 2101 1644 2111 .

1137 2137 1180 2162 ιο
1205 2125 1297 2161 Tales
1301 2124 1388 2166 stare
1407 2137 1466 2159 non
1475 2132 1619 2159 tenentur
1635 2123 1785 2159 locationi
1801 2124 1895 2168 fabiae
1909 2127 1950 2161 ad
1961 2124 2092 2170 longum

1251 2181 1375 2217 tempus
1386 2196 1395 2210 ,
1410 2171 1440 2214 si
1451 2171 1543 2215 faita
1551 2171 1654 2214 fuerit
1669 2170 1785 2219 absque
1805 2170 2060 2215 solemnitatibus
2076 2194 2089 2211 ‚

1254 2222 1299 2256 ά*
1314 2226 1447 2254 Decreta
1459 2218 1596 2263 Judicis
1611 2241 1620 2251 .

1138 2280 1153 2304 1
1163 2279 1178 2303 1
1205 2269 1307 2302 Tutor
1317 2267 1502 2301 mandatum
1515 2262 1609 2299 habet
1625 2262 1644 2298 a*
1658 2264 1726 2312 lege
1741 2290 1752 2301 .

1138 2326 1153 2350 1
1162 2327 1180 2350 2
1207 2315 1402 2349 Procurator
1413 2313 1510 2347 etiam
1523 2322 1593 2346 cum
1605 2310 1706 2347 libera
1721 2324 1781 2350 non
1794 2312 1888 2358 potest
1903 2312 2083 2359 emphyteu-

1251 2363 1352 2396 ticare
1377 2360 1485 2394 manui
1508 2366 1636 2394 mortua
1648 2382 1658 2398 ‚
1685 2357 1727 2396 ab
1752 2371 1852 2409 eaque
1869 2361 2091 2407 quindennium

1253 2419 1314 2443 rect
1337 2418 1387 2442 ere
1400 2430 1411 2440 .

1144 2467 1158 2490 1
1166 2466 1182 2499 3
1210 2458 1309 2490 Tutor
1317 2416 1353 2488 lin
1366 2452 1516 2497 damnosis
1525 2452 1645 2499 pupillo
1654 2464 1714 2488 non
1729 2452 1863 2490 habetur
1869 2463 1930 2501 pro
1941 2456 2090 2490 Domino.

1146 2513 1190 2547 14
1214 2507 1267 2537 Ex
1288 2502 1435 2547 petitione
1457 2500 1638 2546 quindennii
1662 2502 1812 2537 invalida
1834 2526 1844 2541 ‚
1870 2513 1930 2538 non
1950 2502 2089 2543 censetur

1258 2547 1390 2591 sublata
1405 2547 1511 2581 electio
1527 2544 1670 2588 beneficii
1676 2549 1868 2595 praelationis
1879 2574 1888 2584 .

1150 2607 1188 2640 15
1217 2595 1368 2642 Pupillus
1378 2618 1388 2633 ‚
1415 2597 1458 2629 «ᾗ»
1480 2594 1580 2628 minor
1590 2591 1689 2639 effec‘ii
1711 2595 1847 2642 majores
1860 2594 1981 2642 possunt
2003 2605 2092 2642 agere

1262 2641 1425 2676 adversus
1437 2651 1564 2675 manum
1579 2649 1738 2677 mortuam
1749 2644 1981 2689 emphyteutam
1996 2663 2005 2672 ·

1148 2702 1163 2725 1
1171 2694 1191 2728 6
1216 2688 1291 2732 Nisi
1301 2688 1513 2723 toleraverint
1523 2686 1577 2722 diu
1588 2697 1715 2724 manum
1725 2699 1883 2726 mortuam
1893 2714 1905 2725 .

1148 2748 1190 2782 17
1218 2741 1260 2770 Et
1273 2734 1328 2779 nifi
1340 2734 1496 2775 confictae
1509 2734 1651 2778 versione
1663 2735 1818 2773 utilitatis
1831 2761 1843 2773 .

1223 2829 1697 2866 CAPITULUM
1752 2830 1907 2866 LXXIX.

1212 2923 1332 2958 uanvis
1343 2925 1473 2962 Tutor,
1487 2925 1521 2957 &
1535 2924 1682 2959 Curatot·
1692 2947 1703 2963 ,
1727 2932 1847 2968 utpote
1859 2924 1879 2957 εἰ
1893 2924 1965 2968 lege
1976 2947 1988 2962 ‚

1119 2930 1201 3020 Q
1237 2971 1286 3006 vel
1297 2971 1341 3006 ab
1355 2970 1491 3005 homine
1512 2970 1686 3005 constituti
1699 2969 1990 3005 administrationi

1119 3030 1230 3054 rerum
1242 3017 1424 3054 alienarum
1436 3016 1622 3062 pleniffima
1636 3017 1786 3061 polleant
1805 3013 1962 3052 facultate
1983 3041 1995 3056 ,

1118 3068 1153 3099 δε
1166 3065 1369 3100 austeritate
1383 3064 1420 3101 in
1442 3062 1602 3099 faciendis
1615 3062 1753 3109 quidem
1769 3060 1910 3098 utilibus
1933 3074 1992 3108 pu·
2019 3078 2036 3104 1

1119 3112 1213 3156 pulo,
1228 3115 1260 3145 δι
1275 3112 1409 3150 minori,
1421 3109 1474 3145 seu
1490 3110 1609 3145 adulto
1623 3121 1662 3144 ex
1676 3109 1786 3143 tot.tit.
1797 3107 1994 3148 Institution-

1121 3160 1165 3193 (9⁸
1172 3157 1211 3203 ff.
1222 3159 1259 3192 de
1269 3158 1423 3193 autharit.
1435 3165 1533 3191 tutor.
1551 3158 1593 3191 Θ
1612 3163 1668 3191 tot.
1681 3156 1733 3189 tit.
1745 3158 1780 3190 c.
1793 3157 1830 3190 de
1843 3157 1996 3192 authorit-

1121 3202 1260 3249 prasi-ex
1270 3202 1462 3248 tottitffl&
1474 3206 1547 3238 c-de
1556 3200 1758 3243 administrat.
1763 3213 1803 3237 ex
1811 3205 1997 3240 tot-tinctile

1119 3251 1290 3296 praed.min.
1303 3261 1343 3284 cx
1353 3252 1452 3284 rectit
1460 3249 1537 3293 ffide
1548 3246 1614 3282 reb.
1629 3260 1690 3282 eor.
1705 3251 1761 3294 qui
1766 3248 1827 3292 [ub
1837 3250 1927 3285 tutel.
1937 3251 1997 3286 vel

1123 3295 1263 3338 cursum
1272 3320 1282 3334 ‚
1297 3307 1338 3331 ex
1347 3298 1456 3330 tottit.
1464 3293 1539 3340 ffide
1551 3294 1803 3333 tesiamtutelaex
1811 3304 1858 3332 tot
1870 3296 1995 3343 tit.ffide

1121 3342 1214 3377 tutel.
1227 3354 1266 3377 cx
1278 3344 1388 3376 tot.tit.
1400 3340 1471 3386 ffide
1480 3351 1578 3378 tutor.
1594 3343 1638 3377 (φ
1653 3345 1859 3379 curatorum.
1876 3344 1916 3379 ab
1930 3346 1975 3378 eis
1985 3369 1994 3383 ‚

1123 3390 1180 3436 qui
1190 3387 1242 3432 ius
1251 3390 1345 3425 dandi
1353 3388 1468 3424 habent
1482 3413 1492 3427 ,
1516 3389 1566 3424 uti
1579 3388 1739 3425 habentes
1754 3392 1956 3426 mandatum
1974 3393 1994 3425 a
2018 3407 2038 3429 2

1863 3439 1948 3482 lege,
