2295 3757
526 76 626 141 De
643 68 1081 157 Qindenniis
1103 116 1119 143 ,
1153 68 1312 154 Cap.
1329 63 1521 137 XIV.

103 193 196 230 cium
207 189 378 228 inferretur
397 187 515 237 (quod
537 183 642 225 facere
665 195 733 221 non
758 183 865 230 potest
892 180 986 219 relin-

103 249 211 293 quens
234 235 498 281 usunffrnetum(
510 247 551 271 ex
574 232 770 270 conditioue
796 232 983 276 Proprieta-

102 286 147 323 rii
168 286 216 323 ob
239 286 426 322 indicatam
451 281 698 327 exemptionem
726 277 936 323 proprietarii
962 277 984 311 a

105 333 318 382 quindennio
330 344 372 368 ex
382 328 536 378 peculiari
555 325 729 362 affectione
743 327 823 370 erga
835 322 983 370 proprie·

105 380 232 418 tarium
245 404 254 419 ,
274 375 528 415 usufrustuarius
540 383 610 408 non
624 373 861 418 intelligeretur
874 371 983 406 obno-

107 428 184 465 xius
196 424 406 473 quindennio
419 448 428 462 ‚
457 418 621 465 siquidem
636 418 822 464 relinquens
836 417 984 464 proprie-

111 484 219 512 tatem
242 473 376 510 liberam
394 468 438 504 ab
455 466 615 502 omnibus
636 465 796 502 oneribus
817 490 827 505 ,
854 462 986 510 optime*

111 522 234 560 {ciebat
257 529 326 555 non
358 515 443 561 posse
462 513 678 557 praejudicare
713 512 747 548 in
770 510 987 559 quindenniis

111 567 268 606 Domino
291 563 416 599 directo
429 561 530 595 etiam
547 572 603 605 per
615 559 814 596 indireetum
836 584 846 598 ,
872 557 987 604 proin-

111 619 223 663 deque
246 609 489 658 ptoesumendos
512 609 558 642 est
580 619 621 642 eo
645 605 719 642 casu
743 605 878 642 voluiss‘e
900 614 993 640 onus

113 657 298 708 huiusmodi
310 655 484 701 imponere
500 652 744 691 usufructuario
769 678 779 694 ,
798 652 939 701 quando
953 652 993 687 il-

114 711 172 748 lud
184 703 355 754 prohibere
367 701 483 749 nequit
492 727 501 737 .

158 752 288 792 Eodem
300 749 409 785 modo
429 747 592 786 censerem
607 750 721 794 procul
742 748 850 785 dubio
862 746 988 782 solven-

112 804 195 842 dum
215 796 276 834 effe
296 796 543 842 quindennium
563 798 608 833 ab
631 794 872 832 usufruetuirio
886 819 895 833 ‚
920 794 941 828 fi
967 794 988 829 ἐ

112 846 229 888 contra
239 845 430 890 relinquens
443 842 684 880 usumfrusturn
697 868 707 883 ‚
732 841 899 889 exprimat
914 865 923 880 ‚
948 840 988 877 il-

109 901 177 934 lum
201 893 386 939 relinquere
397 903 473 927 cum
495 891 656 927 omnibus
677 889 740 925 suis
751 889 931 927 oneribus,
953 892 988 923 &

108 939 319 980 servitutibus
332 951 342 979 ;
356 940 409 974 Ne
438 950 477 973 ue
487 938 619 974 obstare
631 937 752 982 potest,
765 938 859 983 quod
873 947 988 976 onera,

49 986 51 990 ’
82 1016 84 1019 -
108 987 329 1026 &servitutes
344 983 418 1023 usus
434 987 547 1023 ruerus
556 984 792 1030 Emphyteufis
811 983 988 1019 videantur

47 2365 90 2399 32

109 1033 261 1080 restringi
281 1033 326 1068 ad
346 1033 434 1069 solos
456 1033 638 1073 CanoneS,
658 1042 749 1077 quos
770 1030 900 1067 ratione
923 1028 988 1066 fru-

110 1086 228 1121 &uum
250 1092 306 1128 per
328 1077 604 1116 usufruetuarlum
635 1078 926 1125 percipiendorum
948 1089 990 1114 ex

110 1127 319 1178 emphyteusi
341 1125 406 1174 ipse
421 1125 677 1163 usufrustuarius
700 1125 824 1162 solvere
838 1135 989 1165 tenetur,

111 1188 152 1214 ut
173 1176 268 1224 supra
291 1176 438 1211 inuimus
465 1175 499 1210 in
523 1176 565 1209 V.
587 1174 724 1218 obiecto
743 1200 752 1214 ,
784 1185 853 1210 non
875 1183 990 1209 autem

109 1224 245 1262 extendi
260 1223 306 1259 ad
319 1220 538 1268 quindennia,
549 1233 622 1266 quae
636 1222 799 1265 tanquam
815 1231 918 1257 onera
953 1232 992 1256 o-

111 1274 180 1310 tifis
203 1269 470 1306 extraordinaria
486 1293 495 1307 ,
514 1269 620 1314 quam
645 1268 817 1304 ordinaria
843 1269 926 1313 Emp
952 1280 993 1314 y-

113 1319 214 1357 teufis
225 1317 379 1355 videntur
393 1316 517 1362 semper
539 1315 643 1351 infixa
656 1314 716 1350 effe
730 1315 858 1351 offibns
871 1326 993 1351 manus

111 1376 255 1404 mortuae
278 1363 499 1412 proprietariae
518 1364 682 1409 tanquam
701 1361 799 1398 unice
822 1362 993 1408 incapacis

111 1411 335 1460 acquirendi,
359 1423 399 1448 ac
423 1410 589 1447 retinendi
613 1409 863 1456 Emphyteufim
879 1435 889 1450 ‚
937 1410 992 1447 uia

110 1464 299 1506 relinquens
320 1457 560 1495 usumfrueium
583 1484 593 1498 ,
624 1458 646 1492 fi
670 1457 800 1494 sentiret
825 1458 868 1497 de
891 1456 922 1492 su
950 1456 990 1493 ii-

112 1508 234 1545 ciendo
246 1505 488 1542 usufruetuario
509 1504 568 1542 soli
580 1504 738 1552 solutioni
752 1516 921 1542 canonum
935 1516 990 1551 pet

109 1554 351 1601 expressionem
362 1565 502 1596 onerum
517 1578 527 1593 ,
549 1565 588 1589 ac
601 1551 792 1589 servitutum
807 1578 816 1593 ‚
839 1564 907 1588 non
932 1563 991 1587 au-

110 1614 182 1640 tem
202 1601 306 1638 etiam
332 1598 489 1638 solutioni
502 1600 785 1648 quindenniorum
803 1625 813 1640 ‚
835 1600 900 1635 hoc
921 1610 992 1635 non

111 1648 311 1696 expreffiffet
324 1673 334 1688 ‚
344 1650 422 1684 cum
436 1647 531 1684 sciret
544 1673 554 1687 ,
569 1650 615 1683 vel
630 1646 706 1683 scire
721 1647 968 1694 praesumeretur
980 1671 991 1687 ,

110 1696 210 1746 qudd
233 1694 494 1732 usufruetuarius
516 1695 647 1731 ratione
668 1693 836 1731 fruetuum
861 1719 871 1734 ‚
903 1705 994 1741 quos

109 1753 329 1793 percepturus
340 1741 417 1779 efl'et
440 1755 479 1778 ex
494 1743 711 1788 Emphyteufi
723 1768 736 1784 ,
759 1752 924 1778 teneretur
948 1741 993 1778 ad

112 1795 284 1830 canones,
317 1789 463 1837 quisunt
486 1800 590 1826 onera
600 1791 770 1826 ordinaria
785 1790 993 1836 Emphyteu-

112 1840 157 1876 fis
168 1865 180 1882 ,
199 1839 292 1876 unde
305 1837 494 1884 exprimens
506 1862 516 1876 ,
540 1836 570 1872 se
589 1836 829 1874 usumfructum
842 1837 994 1884 Emphy-

109 1887 211 1922 tensis
231 1885 416 1933 relinquere
436 1883 598 1919 omnibus
623 1883 691 1920 suis
709 1884 867 1920 oneribus
887 1910 896 1925 ,
933 1895 993 1919 nec

110 1944 182 1969 non
195 1931 406 1968 servitutibus
419 1931 610 1966 obnoxium
624 1956 635 1970 ‚
651 1931 890 1976 intelligendus
902 1931 993 1966 venit

111 1980 216 2016 etiam
228 1979 270 2014 de
289 1988 390 2013 onere
401 1976 598 2024 quindennii
610 2002 618 2017 ‚
643 1977 689 2012 ad
703 1977 798 2022 quod
813 1978 898 2013 alias
919 1974 992 2014 usu-

111 2024 312 2063 fmetuarius
322 2024 456 2072 deJure
470 2049 480 2065 ,
500 2034 538 2060 ut
558 2024 624 2060 hnc
637 2023 736 2071 usque
748 2023 994 2062 demonstravi-

111 2083 207 2114 mus,
219 2082 288 2107 non
298 2081 461 2106 teneretur
472 2094 482 2104 .
493 2095 495 2097 »

159 2120 245 2156 Non
258 2116 373 2154 desunt
387 2128 501 2154 tamen
515 2119 574 2155 alii
589 2118 683 2155 casus
691 2130 731 2154 ex
745 2118 913 2156 diametro
927 2119 995 2155 in.‚'

113 2167 238 2214 quibus
258 2163 517 2202 usufruetuarius
546 2166 755 2202 excusabitur
785 2167 806 2203 a
830 2166 994 2203 solutione

113 2212 312 2261 quindennii
333 2238 344 2253 ‚
362 2213 449 2249 inter
475 2225 567 2260 quos
584 2213 775 2259 potiffimus
795 2215 840 2250 est
866 2215 915 2249 ille
929 2239 939 2253 ‚
969 2212 995 2249 fi

113 2258 318 2299 ususfruetus
329 2261 564 2308 Emphyteufis
574 2261 620 2297 ob
631 2272 732 2297 onera
743 2273 913 2299 canonum
927 2285 937 2300 ,
959 2264 994 2296 &

114 2307 401 2355 quindenniorum
421 2309 510 2344 adeo
523 2308 651 2344 inutilis
661 2308 756 2344 fieret
771 2334 781 2349 ‚
794 2319 831 2344 ut
842 2308 994 2344 totaliter

115 2354 306 2393 absorberet
318 2366 436 2391 omnes
447 2354 573 2392 fruetus
584 2381 597 2396 ,
618 2358 668 2392 vel
682 2358 751 2400 mai
754 2368 847 2391 orem
859 2356 993 2391 illorum

115 2411 248 2456 partem
263 2402 384 2439 exinde*
396 2403 684 2448 percipiendorum
699 2428 709 2443 ‚
729 2403 877 2449 nihilque
900 2413 994 2437 com-

114 2449 234 2504 ¹¹¹⁰.d!’
258 2452 316 2491 vel,
334 2447 703 2494 parumusufrueiuario
715 2459 899 2488 remaneret
911 2474 920 2489 ,
939 2460 995 2484 ve-

116 2498 179 2532 luti
200 2507 236 2531 in
259 2507 378 2543 genere
397 2497 440 2532 de
462 2498 617 2534 oneribus
637 2498 896 2534 extenuantibus
916 2498 995 2531 Em·

115 2543 306 2590 phyteusim
330 2546 611 2591 Gratiamdiscept.
627 2548 703 2582 128.
723 2557 807 2582 num.
821 2556 856 2589 4.
869 2543 995 2588 &dila

117 2601 199 2634 294.
223 2601 310 2627 num.
325 2603 376 2634 19.
389 2593 479 2626 Surd.
503 2594 540 2627 de
552 2593 689 2628 alimeut.
703 2594 752 2627 tit.
766 2605 800 2638 4.
824 2589 927 2638 quaesl.
941 2594 995 2627 15.

115 2648 191 2671 nu.1
199 2647 231 2680 3.
241 2635 396 2673 Barbatus
406 2641 441 2674 de
452 2639 651 2682 divis-fruel.
660 2648 765 2686 pam„
776 2648 996 2686 cap-1.nu.93.

116 2685 148 2719 in
156 2682 339 2736 fineverfic.
352 2684 426 2720 bene
435 2686 551 2722 verum
565 2711 575 2725 ‚
598 2688 640 2722 θ
651 2698 819 2722 num.110.
833 2689 866 2721 &
877 2685 911 2720 in
929 2694 996 2720 ter-

113 2741 216 2766 minis
227 2732 488 2776 generalioribus
500 2735 643 2768 Gratian.
653 2734 704 2775 dis
699 2742 776 2780 cept.
784 2746 797 2769 1
805 2745 859 2777 29.
870 2743 993 2774 num.4.

113 2777 241 2823 discept.
256 2789 337 2822 294.
348 2781 438 2814 Surd.
455 2782 492 2816 de
502 2781 638 2815 aliment.
654 2783 740 2816 εἰμι.
754 2791 867 2828 qu.15.
879 2789 996 2821 φηςι.

111 2827 267 2908 griffi?
279 2835 336 2872 qu.
354 2831 407 2863 16.
418 2838 522 2862 numa
530 2838 561 2872 3.
576 2827 690 2863 zacch.
701 2829 737 2864 de
743 2829 763 2872 s
761 2828 842 2865 alar.
852 2825 993 2873 quaeli.8.

95 2992 926 3043 ARGUMENTUM.

118 3113 242 3148 Manus
252 3121 390 3147 mortua
400 3109 560 3147 creditrix
574 3109 816 3156 Emphytentae‚
830 3105 947 3144 vietrlx
959 3106 995 3141 in

163 3157 236 3193 utili
249 3159 409 3194 Salviano
421 3179 432 3195 ⁵
444 3158 577 3204 agendo
587 3160 705 3192 contra
725 3155 831 3200 ipsum
846 3153 996 3200 Emphy-

162 3213 309 3246 tentam,
333 3205 400 3241 sive:
418 3205 537 3241 contra
561 3204 698 3240 tertium
719 3203 763 3239 ab
781 3203 839 3239 illo
861 3199 997 3239 causam

163 3250 339 3287 habentem
356 3277 366 3293 ,
381 3253 401 3287 ἐ
415 3251 531 3298 Iudice
543 3250 685 3287 immissa
696 3251 729 3286 in
745 3249 974 3295 poffeffionem
988 3270 999 3287 »

164 3295 261 3348 quoti
269 3296 385 3335 dicunt
396 3299 431 3335 in
443 3300 602 3334 Salviano
622 3297 715 3342 snper
726 3295 835 3333 fundo
847 3294 1001 3340 Emphy-

162 3352 293 3380 teutico
317 3344 426 3382 donec
439 3369 451 3385 ‚
474 3350 507 3382 δι
521 3343 695 3393 quousque
717 3342 889 3383 satisfacta
901 3340 1002 3379 fuerit

1867 92 1945 154 73

1090 181 1133 217 de
1146 179 1204 218 suo
1215 181 1368 222 credito,
1395 181 1523 217 etiamsi
1542 180 1632 215 ultra
1654 181 1850 226 quindecim
1872 193 1932 218 an-

1091 239 1156 263 nos
1167 229 1317 274 persistat
1339 229 1372 264 in
1388 227 1585 275 polseffione
1609 226 1703 262 fundi
1719 252 1728 266 ‚
1753 231 1834 274 quia
1848 229 1937 265 intra

1087 275 1202 311 dictos
1212 275 1407 322 quindecim
1421 285 1530 310 anuos
1546 271 1695 309 satssfieri
1727 286 1794 310 non
1811 286 1934 320 potue-

1090 322 1134 357 rit
1144 333 1183 358 ex
1196 322 1357 360 fructibus
1371 347 1380 361 ‚
1403 320 1516 358 adhuc
1542 331 1612 356 non
1624 328 1756 356 tenetur
1774 323 1821 356 ad
1835 322 1937 366 quin-

1088 368 1252 407 dennium
1264 370 1423 407 Domino
1437 368 1569 407 diresto
1582 392 1592 403 .

1280 463 1794 517 suMMARiuM.

1098 571 1113 594 ι
1141 562 1334 597 Salvianum
1346 561 1495 595 intentari
1504 557 1598 604 potes!
1620 560 1716 593 etiam
1738 556 1830 604 super
1848 553 1941 593 bonis
1952 555 1960 564 “
1970 568 2031 591 em-

1190 609 1378 656 phyteuticis
1388 615 1440 651 per
1454 605 1623 641 debitorem
1634 602 1764 652 poffeffis
1775 629 1785 638 .

1098 667 1118 690 2
1144 655 1324 692 Prohibitio
1347 654 1546 688 alienationis
1570 655 1690 688 adia-Ha
1716 655 1750 686 in
1762 649 1950 696 emphyteusi
1975 663 2034 685 non

1191 704 1321 749 impedit
1334 700 1526 745 facultatem
1536 700 1760 745 oppignorandi
1785 699 2035 734 commoditatem

1185 751 1353 795 frubiuum
1365 773 1373 783 .

1097 808 1113 840 3
1142 800 1264 834 Mentio
1277 797 1320 832 R.
1333 799 1371 831 Ρ.
1386 797 1432 830 D.
1448 791 1584 829 Ansaldi
1596 791 1637 827 de
1652 792 1806 828 Ansaldis
1820 819 1830 828 .

1093 857 1117 888 4
1141 846 1334 881 Salvianum
1356 844 1449 879 datur
1460 851 1517 889 pro
1536 840 1776 876 melioramentis
1804 843 1836 875 in
1861 851 1896 875 rc
1906 841 2032 887 emphy-

1191 896 1308 928 teutica
1323 917 1332 926 .

1098 947 1114 978 5
1143 941 1337 975 salvianum
1351 939 1496 983 competit
1501 935 1595 982 super
1601 935 1700 979 fundo
1712 934 1821 979 censito
1835 959 1846 969 .

1095 989 1118 1023 6
1142 986 1240 1023 Immo
1251 988 1348 1022 etiam
1369 985 1457 1020 hodie
1468 983 1714 1029 competitsuper
1737 983 1814 1017 locis
1828 984 1986 1017 Montium
1999 985 2033 1017 in

1187 1034 1291 1069 locum
1294 1033 1389 1077 fundi
1398 1030 1500 1074 cenfici
1513 1055 1522 1068 .
1549 1030 1606 1064 vel
1631 1031 1664 1064 in
1675 1029 1779 1064 locum
1792 1029 1928 1064 aliorum
1940 1028 2034 1065 bono-

1187 1092 1260 1116 rum
1271 1079 1442 1127 hypotheca
1451 1075 1632 1122 affeltorum
1647 1101 1656 1111 .

1095 1139 1118 1172 7
1145 1131 1269 1164 Mentio
1280 1124 1449 1162 Advocati
1462 1124 1702 1159 Constantini.

1099 1178 1119 1211 8
1144 1176 1339 1213 Salvianum
1349 1177 1444 1211 datur
1448 1172 1543 1218 super
1556 1183 1590 1205 re
1597 1170 1773 1216 subrogata
1788 1195 1798 1204 .

1098 1234 1121 1267 9
1148 1228 1192 1262 Et
1206 1225 1300 1270 super
1313 1221 1420 1267 officiis
1433 1244 1443 1260 ,
1457 1219 1512 1260 seu
1527 1216 1689 1262 frmitibus
1701 1217 1880 1262 officiorum
1900 1217 2038 1254 vacabi-

1192 1274 1271 1308 lium
1284 1268 1483 1307 cancellaria
1498 1265 1688 1311 apostolica
1699 1290 1708 1298 .

1078 1328 1120 1353 10
1145 1322 1252 1358 Etiam
1275 1318 1295 1361 s
1292 1326 1367 1363 uper
1381 1314 1469 1350 bonis
1487 1310 1779 1358 fideicommIffariis
1795 1335 1804 1350 ‚
1827 1314 1966 1350 vivente
1988 1321 2038 1348 ta-

1192 1379 1261 1403 men
1269 1362 1435 1412 principali
1445 1359 1582 1396 debitore
1593 1384 1603 1393 .

1078 1425 1092 1448 1
1104 1425 1118 1448 1
1146 1422 1230 1452 Loca
1244 1412 1405 1449 Montium
1415 1420 1472 1444 non
1483 1408 1637 1453 recipiunt
1647 1407 1852 1453 hypothecam
1864 1432 1875 1442 .

1076 1471 1090 1495 1
1102 1473 1120 1494 2
1144 1461 1281 1508 Cessante
1292 1457 1462 1505 hypotheca
1473 1453 1585 1500 ceJJare
1598 1452 1687 1488 debet
1701 1455 1895 1498 salvianum
1910 1479 1926 1489 ..

1076 1518 1116 1551 13
1143 1505 1365 1555 Vu'lgatiffima
1387 1502 1481 1538 Bulla
1508 1499 1645 1535 Urbana
1669 1496 1817 1546 impedire
1844 1503 1953 1547 nequit
1968 1501 2036 1535 Sal-

1190 1560 1328 1593 vianum
1343 1548 1405 1595 suh
1425 1556 1580 1596 praetextu
1603 1546 1761 1583 libertatis
1788 1549 1928 1583 locorum
1943 1553 2037 1583 Mon·

1195 1613 1276 1639 tium
1289 1627 1298 1636 .

1079 1660 1123 1693 14
1146 1651 1312 1697 Refellitur
1335 1645 1440 1681 Cenc.
1451 1643 1493 1679 de
1507 1641 1628 1679 censib.
1640 1653 1698 1688 qu.
1720 1654 1776 1686 ²9-
1792 1653 1884 1678 num.
1901 1654 1954 1687 13.
1968 1653 2038 1676 con-

1195 1699 1332 1734 erarium
1337 1694 1474 1737 sentiens
1492 1715 1502 1725 .

1083 1753 1123 1787 ις
1150 1740 1346 1783 Salvianilla
1357 1737 1504 1781 satisfieri
1516 1735 1603 1773 debet
1616 1749 1656 1773 ex
1661 1735 1825 1781 frut'libus
1852 1738 1897 1772 rei
1912 1760 1923 1776 ,
1946 1737 2039 1781 super

1196 1804 1258 1840 qua
1269 1788 1473 1824 detentionem
1486 1784 1605 1820 obtinet
1619 1809 1629 1818 .

1080 1840 1123 1874 16
1147 1845 1192 1876 Er
1203 1838 1327 1886 quando
1332 1830 1482 1878 satisfieri
1493 1833 1600 1878 nequit
1613 1854 1623 1869 ‚
1640 1830 1819 1874 subhastari
1830 1830 1914 1874 facit
1927 1837 2041 1875 corpus

1195 1888 1207 1921 i
1238 1897 1290 1920 tus
1303 1883 1350 1919 rei
1362 1906 1373 1917 .
1541 1917 1543 1919 r

1080 1941 1122 1974 17
1147 1885 1364 1978 Nossfdicitur
1382 1935 1508 1963 murata
1529 1937 1642 1963 manus
1656 1951 1666 1967 ‚
1681 1925 1709 1970 si
1731 1927 1949 1973 percipiantur
1967 1923 2039 1967 fru-

1191 1983 1262 2018 etus
1270 1976 1376 2024 potius
1384 1974 1405 2009 a'
1413 1976 1564 2010 creditore
1573 1975 1775 2021 emphyteuta
1787 1999 1797 2013 ,
1811 1970 1907 2018 qua'm
1922 1969 1962 2006 ab
1977 1969 2043 2016 ipso

1192 2026 1391 2072 emphyteuta
1405 2047 1414 2056 .

1081 2083 1095 2107 1
1104 2074 1123 2108 8
1148 2078 1280 2113 Fructus
1293 2067 1497 2116 emphyteusis
1507 2068 1647 2113 spectant
1658 2069 1700 2102 ad
1712 2066 1945 2114 emphyteutam
1957 2090 1968 2100 .

1059 2138 1063 2142 ·
1079 2130 1123 2163 19
1149 2130 1260 2159 Favor
1270 2131 1329 2156 non
1340 2117 1429 2153 debet
1441 2116 1614 2161 retorqueri
1626 2116 1657 2148 in
1669 2115 1775 2148 odium
1793 2138 1803 2148 .

1079 2178 1123 2201 20
1148 2168 1354 2207 Laudemium
1367 2161 1496 2200 debetur
1516 2173 1557 2199 ex
1578 2161 1767 2197 alienatione
1791 2161 1839 2195 rei
1858 2160 2043 2206 emphyteu-

1193 2219 1281 2252 ticae.
1873 2215 1877 2219 ’

1075 2274 1095 2299 2
1104 2274 1118 2297 1
1146 2263 1329 2302 Dominium
1338 2255 1541 2304 emphyteusis
1551 2263 1678 2303 perpetu
1683 2252 1710 2297 ἂ,
1722 2257 1765 2292 &⁴
1779 2252 2042 2291 irrevocabiliter

1192 2310 1351 2348 alienatur
1362 2331 1372 2341 .

1078 2368 1120 2391 22
1146 2353 1342 2395 Salvianilia
1365 2351 1504 2398 acquirit
1524 2361 1641 2385 meram
1663 2350 1709 2384 rei
1721 2350 1960 2384 detentationem
1982 2349 2047 2384 int

1193 2402 1282 2439 bonis
1302 2401 1355 2445 sui
1377 2398 1526 2435 debitoris
1537 2422 1547 2436 ‚
1571 2405 1746 2433 remanente
1769 2407 1876 2432 eorum
1897 2397 2034 2431 dominio

1193 2450 1288 2488 utili,
1303 2450 1348 2484 &⁶
1359 2443 1528 2493 poffeffione
1537 2444 1628 2490 penes
1641 2441 1811 2479 debitorem
1826 2468 1835 2477 .

1079 2510 1097 2533 2
1103 2508 1120 2541 3
1147 2502 1199 2534 Ex
1209 2496 1392 2532 venditione
1395 2492 1564 2536 frustuum
1574 2491 1898 2532 voluntariajnnllum
1907 2487 2038 2536 debetur

1194 2543 1408 2581 laudemium.
1835 2554 1837 2556 -

1079 2602 1125 2635 24
1147 2596 1226 2635 'Non
1239 2588 1314 2625 bene
1325 2588 1474 2633 arguitur
1487 2584 1507 2621 a*
1519 2587 1671 2622 locatione
1687 2587 1727 2620 ad
1739 2585 1932 2620 salvianum
1947 2608 1957 2618 .

1079 2649 1120 2681 25
1147 2638 1247 2684 ‘Nihil
1256 2646 1414 2672 commune
1434 2632 1529 2669 habet
1542 2634 1708 2669 conductor
1729 2643 1802 2666 cum
1815 2629 2011 2673 salvianista
2025 2653 2037 2663 .

1078 2688 1123 2721 26
1147 2690 1188 2721 ,Α
1199 2682 1332 2727 diversis
1342 2694 1402 2716 non
1413 2679 1488 2716 bene
1497 2679 1534 2722 fit
1548 2680 1653 2715 illatio
1664 2704 1674 2713 .

1076 2744 1121 2776 27
1145 2740 1209 2769 Per
1231 2730 1413 2766 locationem
1426 2729 1466 2763 ad
1479 2728 1608 2774 longum
1632 2734 1755 2772 tempus
1768 2726 1959 2770 transfertur
1981 2723 2036 2767 iun

1191 2781 1224 2814 in
1236 2790 1269 2812 re
1281 2801 1292 2816 ‚
1317 2777 1361 2812 Θ·
1376 2774 1464 2810 utilis
1477 2776 1513 2810 in
1523 2785 1586 2809 rem
1600 2775 1681 2808 αῐίἱο
1693 2776 1874 2819 acquiritur
1887 2770 1950 2806 una=
1961 2782 2034 2805 cum

1193 2825 1268 2860 utili
1277 2823 1410 2858 dominio
1421 2845 1430 2860 ‚
1444 2821 1545 2868 estque
1552 2821 1668 2868 species
1681 2821 1880 2856 alienationis
1894 2842 1903 2851 .

1076 2875 1121 2909 28
1146 2878 1200 2909 Ex
1212 2871 1365 2907 locatione
1388 2870 1429 2904 ad
1437 2869 1565 2914 longum
1577 2876 1701 2915 tempus
1713 2879 1772 2903 non
1785 2864 1909 2902 debetur
1923 2863 2033 2900 laude·

1195 2928 1292 2953 mium
1304 2941 1314 2952 .

1075 2978 1124 3010 29
1144 2968 1277 3002 Fanum
1312 2964 1516 3010 emphyteuta·
1546 2962 1585 3000 ob
1606 2963 1764 2998 contrane
1791 2957 1896 2994 debita
1924 2970 2036 2996 nocere

1191 3025 1252 3048 non
1264 3010 1353 3048 debet
1364 3013 1497 3047 Domino
1507 3013 1621 3046 diretflo
1633 3033 1643 3041 .

1078 3072 1122 3106 30
1145 3061 1286 3097 creditor
1291 3057 1476 3102 subhast'are
1483 3056 1577 3104 potest
1583 3056 1718 3099 fundum
1731 3052 1880 3091 debitoris
1898 3078 1922 3099 ·.

1244 3130 1704 3189 CAPITULUM
1765 3150 1854 3184 ΧΨ

1114 3248 1257 3294 Uperest
1270 3247 1304 3284 in
1318 3245 1465 3294 praesenti
1479 3252 1554 3291 cap.
1569 3243 1681 3279 videre
1694 3267 1704 3283 ‚
1728 3254 1771 3279 ex
1781 3243 1941 3279 Salviano

1059 3257 1102 3334 S
1128 3295 1286 3332 concesso
1304 3293 1420 3330 manui
1442 3301 1585 3328 mortuae
1612 3302 1682 3326 non
1708 3289 1821 3326 deberi
1846 3290 1943 3337 quin-

1058 3343 1246 3382 nennium..
1265 3345 1333 3378 Pro
1355 3339 1576 3423 dicendarum
1587 3348 1703 3376 autem
1720 3336 1946 3389 intelligentia

1758 3393 1902 3429 praemit-v
