2295 3757
128 294 211 330 DD

221 197 257 262 ς
263 199 292 264 3
305 198 344 240 2.
429 171 726 241 Doctores
744 169 879 258 post
897 168 1266 235 Tractatum
1289 162 1369 228 de
1387 162 1815 247 Quindenniis
1829 211 1844 226 .

236 293 264 329 ri
276 291 393 328 manui
404 301 546 328 mortnae
559 287 662 324 unitis
677 313 684 325 ,
699 288 731 320 in
746 281 995 329 recompensam
1008 293 1113 316 anna-

224 349 350 378 tarum‚
361 341 572 383 aliorumque
587 336 893 369 emolumentorum
910 330 1109 379 AtinatiliiS,

223 399 266 425 ac
281 385 503 424 officialibus
519 380 731 418 cancellaria:
749 403 758 416 ,
774 377 857 412 alias
879 376 995 412 debita
1010 379 1110 412 client

227 437 264 472 ln
274 433 352 470 casu
365 435 581 471 vacationum
600 453 609 466 ,
631 426 796 472 quatenus
809 425 894 476 unio
907 422 996 460 faeta
1010 436 1110 460 non-„2

1171 280 1218 315 ob
1235 280 1402 314 rationem
1416 278 1575 325 potentia:
1591 302 1601 317 ,
1616 277 1697 324 quia
1712 276 1786 313 sunt
1801 274 1960 314 facilioris
1972 290 2048 318 exa-

1171 326 1296 362 ctionis
1313 354 1321 367 ,
1345 326 1402 362 etli
1417 325 1625 362 attendimus
1646 325 1693 360 ob
1709 324 1860 360 amissam
1872 323 1959 371 spem
1973 330 2049 363 alie-

1172 374 1407 418 nationi3‚jam
1420 374 1463 408 est
1477 371 1670 408 consultum
1682 383 1760 408 cum
1775 372 1936 409 solutione
1951 376 2049 422 quin-

1171 421 1386 460 denniorum,
1396 420 1500 455 stante
1512 431 1578 466 qua
1589 419 1840 456 introductione
1852 419 1972 465 passim
1984 422 2046 458 bo-

1170 480 1215 505 na
1229 467 1492 516 Emphyteutica
1506 466 1676 504 transeunt
1691 467 1737 504 ad
1748 467 1906 505 Ecclefias
1916 493 1926 511 ,
1945 471 1978 505 δι
1989 469 2049 514 pia

1170 519 1251 553 loca
1264 541 1275 558 ‚
1287 516 1337 552 ita
1351 521 1440 552 Luca
1452 514 1585 559 dismS.
1597 519 1666 552 n.6.

1170 614 1267 661 EX
1329 614 1601 660 CAROLO
1651 614 1749 660 DE
1809 614 2116 662 ALEXIOEE

1246 707 1314 751 Ad
1328 706 1488 761 cotgsult.
1517 711 1652 764 Capye.
1671 712 1784 751 Latr.
1800 709 1898 764 obs.1
1911 724 1927 764 5
1939 715 1978 752 6.

1407 781 1559 820 namq.
1586 782 1671 809 cum
1690 767 1808 825 seqq.
1890 770 1891 773 ’

1244 851 2078 904 ΑΚΕ-’ΌΜΕΝΤΌΜζ

1174 947 1326 985 Ass'ensus
1351 946 1567 994 Apostolicus
1590 947 1624 982 in
1639 946 1842 983 alienatione
1855 949 2026 988 bonorum
2037 949 2150 987 Eccle·¹

1221 997 1266 1042 sie
1277 996 1359 1031 hodi
1364 997 1382 1030 e'
1395 1008 1463 1031 non
1475 993 1682 1040 praesumitur
1695 992 1800 1041 spatio
1815 996 1959 1044 triginta
1969 1009 2150 1037 annorum.

1221 1044 1302 1088 quia
1316 1042 1412 1079 dietae
1427 1040 1676 1088 praesumptioni
1692 1044 1896 1088 derogatum
1909 1043 1974 1081 fuit
1989 1056 2046 1090 per
2056 1045 2151 1080 Con·
2219 1064 2226 1086 λ,-

1220 1091 1434 1126 stitutionem
1448 1090 1576 1126 Summi
1593 1088 1770 1126 Pontificis
1786 1092 1917 1128 Urbani
1932 1095 2064 1129 V111.&
2075 1102 2153 1137 pto·
2200 1108 2202 1111 >
2219 1094 2232 1099 ’

1227 1137 1308 1174 inde
1331 1150 1418 1173 nunc
1438 1137 1616 1183 requiritur
1639 1134 1781 1182 spatium
1807 1149 1944 1176 centum
1957 1149 2126 1175 annorum
2137 1162 2150 1173 .
2206 1158 2207 1161 =

1221 1186 1454 1233 Emphyteuta
1467 1196 1510 1221 an
1523 1210 1533 1225 ,
1547 1188 1581 1220 &
1592 1184 1732 1231 quando
1747 1183 1875 1224 incidat
1887 1188 1920 1223 in
1933 1185 2150 1223 commissum

1221 1244 1359 1280 propter
1372 1232 1610 1268 alienationem
1628 1230 1755 1267 saetam
1766 1257 1776 1272 ‚
1800 1233 1821 1268 si
1835 1234 2020 1271 reservatus
2032 1233 2072 1268 fic
2085 1231 2152 1268 do-

1222 1281 1305 1316 mini
1329 1280 1446 1316 directi
1470 1277 1614 1317 all'ensus
1629 1303 1638 1318 ,
1664 1283 1698 1314 δε
1720 1289 1763 1315 an
1778 1282 1836 1317 tali
1858 1280 1934 1316 casu
1950 1281 2155 1317 amittantur

1227 1327 1480 1364 meliorationes
1493 1352 1501 1361 .
1529 1328 1644 1362 Haeres
1660 1336 1835 1364 extraneus
1860 1328 2033 1364 institutus
2052 1338 2097 1363 an
2108 1336 2158 1362 te-
2224 1358 2227 1363 .

1229 1385 1345 1411 neatur
1369 1375 1415 1411 ad
1439 1373 1640 1410 solutionem
1662 1375 1844 1415 laudemi13
1867 1376 2014 1411 Ecclelia
2024 1385 2070 1411 an
2081 1397 2092 1414 ,
2120 1377 2157 1409 δε
2211 1372 2225 1410 1

1229 1422 1371 1468 qnando
1391 1432 1546 1461 teneatur
1567 1424 1612 1456 ad
1630 1419 1831 1457 soluti<>nem
1843 1422 2154 1468 quindenniorum.

1229 1469 1388 1504 Vendens
1399 1481 1470 1505 rem
1483 1469 1776 1514 emphyteuticam
1793 1469 1944 1504 Ecclefiae
1958 1493 1967 1508 ,
1989 1469 2156 1515 tanquam

1231 1517 1369 1553 liberam
1381 1540 1390 1555 ‚
1401 1527 1444 1552 an
1459 1525 1611 1551 teneatur
1622 1514 1755 1550 reficere
1769 1515 1916 1551 Ecclefiae
1927 1527 2015 1551 onus
2029 1514 2160 1550 solven-

1231 1565 1268 1600 di
1283 1563 1512 1611 quindennia,
1539 1566 1572 1597 &
1585 1573 1628 1597 an
1644 1561 1792 1607 pro-his,
1819 1566 1852 1598 δε
1869 1563 2049 1601 laudemiis
2063 1573 2159 1600 com·-

1231 1621 1324 1659 petat
1337 1612 1391 1648 via
1402 1610 1606 1659 exequutiva
1622 1634 1632 1645 .

223 480 321 521 esset,
348 492 511 529 tanqum
527 490 567 512 ex
582 473 762 510 identitate
777 482 918 507 rationis
931 471 966 506 in
978 483 1110 508 recom-

221 527 361 576 pensam
375 527 622 564 laudemiorum
645 523 666 556 a
685 520 840 555 Domino
865 520 996 555 direfio
1006 520 1109 566 perci-

226 576 428 620 piendorum
445 576 477 609 in
489 569 568 609 casu
582 567 810 605 alienationis,
826 567 876 602 seu
892 567 1049 602 tranlitus
1063 567 1108 602 ad

224 623 374 658 haercdcs
387 628 565 658 extraneos
579 643 589 656 ,
618 626 656 652 ut
671 615 704 650 in
725 616 945 661 'Neapolitana
957 615 1111 650 laudemii

230 681 284 706 ιο,
296 669 477 705 Decembris
493 674 594 712 1639.
617 667 660 702 &⁸
673 663 745 698 aliis
760 662 918 710 impressis
937 662 1028 707 penes
1040 664 1111 698 dea

224 718 368 753 Mat-inis
381 715 616 760 lib.1.rcs.235.
631 723 670 746 ex
681 721 751 755 qua
766 711 1021 744 introduciinne
1036 719 1112 743 mo-

223 763 332 799 derno
354 773 503 808 tempore
521 768 729 804 temperatus
749 756 795 792 est
821 756 933 792 dietus
946 756 1110 801 antiquus

221 809 316 856 rigor
337 811 456 856 legalis
482 805 686 856 prohibendi
713 804 981 851 permanentiam
1007 802 1111 850 penes

221 867 363 894 manum
393 867 568 894 mortuam
583 880 593 895 ,
622 852 762 899 quoties
777 851 890 897 agitur
905 852 947 886 de
962 850 1112 897 Eniphy-

227 903 312 940 teusr
337 904 550 941 haereditaria
575 902 620 938 ad
641 898 871 947 quoscumque
897 897 1091 934 transitoria
1104 924 1116 934 .

226 951 372 987 Diverso
387 963 502 988 tamen
519 951 629 987 modo
642 947 849 984 cosideratur
867 944 1115 993 quindennium

231 998 267 1034 in
285 1000 515 1047 Emphyteufi‚
531 1010 611 1034 nam
624 996 761 1040 lingulis
776 1005 828 1038 ¹5·
840 994 938 1030 annis
953 993 996 1028 est
1010 993 1113 1034 idem,

235 1046 333 1093 quod
344 1059 430 1083 onus
445 1044 653 1084 laudemii‚in
666 1042 770 1078 feudo
784 1051 898 1077 autem
912 1040 1047 1086 singulis
1061 1053 1072 1075 1
1082 1050 1114 1084 ς.

233 1094 332 1130 annis
346 1095 392 1130 est
409 1095 566 1130 relevium
583 1117 593 1132 ,
621 1095 652 1126 δι
674 1091 707 1126 in
724 1087 901 1124 Beneficiis
927 1088 1029 1123 unitis
1052 1090 1115 1123 Ec-

233 1141 333 1177 cleliae
347 1166 356 1182 ,
385 1145 435 1179 vel
447 1142 608 1187 Collegio
618 1137 663 1175 est
684 1136 836 1173 redditus
854 1136 949 1172 unius
961 1135 1042 1180 ‘anni
1055 1136 1116 1170 Be-

231 1188 429 1226 neficiorum
442 1215 452 1225 .

278 1239 306 1271 E
317 1236 492 1274 contrario
519 1234 704 1272 dicendum
738 1232 871 1269 videtur
884 1256 893 1270 ‚
921 1229 1019 1277 quod
1032 1230 1053 1265 si
1070 1230 1116 1266 ab

229 1283 332 1319 Initio
347 1281 437 1320 fasta
452 1285 497 1320 est
510 1281 681 1320 concessio
704 1280 821 1316 manui
848 1288 989 1314 mortuae
1002 1302 1011 1317 ,
1034 1288 1117 1313 tunc

232 1331 427 1367 concedens
442 1331 598 1367 videatur
611 1330 748 1365 reddere
762 1325 908 1361 habilem
924 1349 933 1364 ‚
956 1335 995 1359 ac
1011 1325 1117 1360 maxi-

238 1379 295 1414 me*
312 1403 322 1419 ,
345 1390 422 1414 nam
440 1377 729 1424 quindenniorum
755 1385 844 1410 onus
868 1373 901 1408 in
924 1372 1000 1419 Iure
1020 1372 1122 1418 igno-

246 1437 320 1462 tum
335 1425 400 1466 est,
426 1429 459 1460 δι
474 1425 586 1461 stricte
613 1424 661 1459 est
681 1421 935 1469 procedendum
957 1421 1122 1468 Seraphin.

238 1474 438 1517 decis-1410.

286 1520 392 1556 Aliud
406 1528 520 1555 autem
549 1518 690 1566 quando
704 1519 747 1555 ab
772 1517 874 1554 initio
889 1517 1060 1553 concessio
1072 1514 1124 1551 sa-

244 1570 299 1604 &a
312 1567 357 1603 est
375 1567 507 1612 privato
519 1591 529 1606 ‚
555 1567 615 1613 qui
629 1567 754 1602 deinde*
769 1564 950 1602 transferat
972 1565 1124 1610 Emphy-

242 1615 359 1653 teufim
373 1613 619 1650 haereditarizun
632 1615 677 1650 ad
698 1626 840 1650 manum
858 1622 1029 1648 mortuam
1044 1637 1052 1652 ,
1078 1611 1124 1649 ob

240 1674 344 1708 quam
358 1661 526 1698 rationem
541 1662 576 1699 in
588 1661 690 1698 distis
703 1659 930 1697 decisionibus
947 1660 1099 1696 firmatur
1112 1684 1122 1700 ‚

240 1708 434 1753 hujusmodi
475 1709 762 1757 quindenniorurn
796 1707 1122 1743 intiotiuffiouenL›

239 1767 426 1804 aequam,ac
441 1757 683 1792 rationabilem
695 1756 754 1791 else
771 1768 871 1791 unam
887 1753 1122 1800 f;÷li:e:,.,11.1<3d

241 1805 416 1839 Dominus
441 1803 588 1839 directus
610 1802 833 1839 concedendo
861 1803 948 1836 boii]
977 1802 1119 1847 personae

238 1852 374 1897 priv-arx
387 1877 395 1890 ‚
412 1852 562 1887 similiter
577 1851 730 1896 cogitare
747 1850 862 1897 potuit
879 1851 965 1884 ultra
981 1850 1121 1884 ordina-

236 1900 324 1935 rium
341 1902 612 1935 emolumentum
628 1909 770 1934 cat-ionis
787 1923 795 1936 ‚
822 1899 915 1932 atiud
932 1896 1123 1932 extraordi-
1136 1939 1143 1945 ι

238 1946 370 1982 narium
393 1946 645 1981 laudemiorum
661 1947 694 1981 in
709 1945 783 1980 casu
802 1944 1018 1979 alienationis
1035 1970 1044 1983 ‚
1073 1946 1122 1979 vel

239 1994 397 2029 tranfitus
413 1993 455 2028 ad
471 2002 651 2029 extraneos
665 2018 675 2032 ‚
703 1994 797 2040 quod
824 1992 891 2026 dici
908 2003 973 2026 non
990 1991 1097 2037 petest
1113 2015 1124 2030 ,

241 2041 297 2076 ubi
312 2041 356 2075 ab
366 2040 466 2076 initio
480 2041 609 2077 directe*
628 2039 803 2075 concessio
828 2037 917 2074 fieta
935 2039 981 2073 est
1004 2038 1122 2075 manui

239 2098 381 2124 mortuae
397 2113 406 2127 ‚
417 2087 449 2122 in
465 2099 533 2133 qua
545 2101 612 2123 non
628 2089 729 2124 datur
744 2085 836 2122 casus
849 2084 1065 2121 successionis
1079 2112 1088 2120 .

287 2138 402 2170 Altera
416 2136 505 2170 ratio
519 2135 563 2170 est
579 2161 588 2173 ‚
612 2136 693 2182 quia
708 2135 785 2169 cuin
801 2136 892 2169 bona
916 2144 1032 2178 praeter
1041 2145 1124 2168 con-

240 2183 389 2217 cedentis
416 2182 641 2218 intentionem
656 2185 791 2217 amanti
808 2180 931 2226 privati
956 2181 1127 2216 transeunt:

246 2230 290 2264 ad
308 2241 445 2265 manum
459 2240 633 2266 mortuam
650 2257 658 2271 ,
672 2230 843 2265 Dominus
858 2228 1003 2263 directus
1017 2232 1058 2262 de
1072 2227 1128 2273 Ju-

252 2288 283 2310 re
298 2278 344 2312 ob
356 2276 486 2312 diuum
499 2277 728 2322 praejudicium
755 2276 862 2321 potest
877 2275 914 2310 id
926 2276 1100 2320 prohibere
1117 2300 1127 2315 ,

251 2326 283 2357 &
298 2327 430 2370 cogitur
444 2335 565 2359 manus
578 2335 710 2360 mortua
724 2324 827 2359 alium
839 2322 1145 2362 substituere,ideo-.

255 2383 318 2416 que
335 2373 357 2406 li
373 2372 408 2406 id
418 2371 565 2417 permitit
582 2372 751 2407 Dominus
766 2371 915 2406 directus
929 2382 969 2404 ex
985 2369 1137 2415 quadam

256 2419 410 2462 aequitate
425 2444 433 2459 ‚
457 2420 526 2453 haec
539 2420 725 2455 exercenda
753 2430 820 2453 non
835 2418 880 2452 est
892 2429 969 2453 cum
986 2416 1136 2452 eiusdem

254 2465 384 2500 domini
398 2466 604 2511 praeiudicio,
619 2468 687 2502 late
706 2471 848 2502 D.Luca
859 2467 894 2500 de
902 2465 1138 2508 servitur-Em·

261 2511 349 2558 phyt.
363 2513 494 2556 disc.50.
504 2523 562 2560 per
575 2522 633 2549 tot.

310 2558 475 2605 Qieritur
490 2572 582 2606 ergo,
597 2559 737 2607 quando
750 2558 987 2607 Emphyteufis
1000 2557 1139 2594 haeredi-

258 2606 347 2641 tatia
361 2606 555 2644 transfertur
574 2611 619 2643 ad
633 2618 772 2643 manum
788 2618 959 2643 mortuam
973 2631 983 2646 ,
1007 2605 1062 2641 seu
1078 2607 1140 2640 Ec-

261 2653 394 2688 clesiam
408 2677 417 2690 ,
433 2665 475 2687 an
487 2655 644 2700 cogenda
658 2655 698 2690 fit
711 2655 798 2690 intra
810 2665 936 2691 annum
950 2664 1024 2688 eam
1038 2663 1140 2698 pone-

263 2710 297 2735 re
314 2700 407 2735 extra
421 2711 558 2736 manum
575 2712 757 2742 mortuam,
776 2704 824 2737 vel
840 2701 909 2747 pati
926 2699 1049 2735 debeat
1066 2702 1141 2734 Do-

193 1533 215 1566 7

1418 1705 1927 1743 SUMMARIUM.

1230 1817 1252 1848 7
1278 1801 1413 1841 Ecclesia
1440 1802 1566 1847 qnando
1583 1800 1731 1842 succedat
1758 1803 1791 1837 in
1816 1800 2017 1849 Emphyteusi
2037 1792 2167 1838 hieredi-
2191 1814 2212 1837 μ’

1324 1861 1409 1885 tarsa
1424 1873 1434 1883 ι
2191 1860 2195 1863 ’
2211 1878 2213 1883 .

1231 1903 1250 1935 8
1283 1897 1480 1944 ijidennia
1494 1904 1589 1942 quoto
1600 1905 1725 1942 quoque
1737 1905 1871 1943 tempore
1887 1895 2114 1940 solvendaefint
2131 1920 2142 1930 .

1232 1959 1253 1990 9
1278 1947 1423 1982 Vendeas
1436 1954 1504 1977 rem
1515 1942 1793 1986 Emphyteuticam
1807 1943 1948 1986 Ecclefiae
1964 1943 2117 1990 tanqudm
2128 1943 2168 1978 li-
2202 1934 2226 1982 '5

1327 1990 1433 2026 hexam?
1449 2015 1459 2029 ‚
1487 2001 1528 2024 an
1545 1998 1690 2024 teneatur
1703 1989 1825 2032 reficere
1845 1989 1984 2034 Ecclefiae
1995 2002 2073 2026 onus
2078 1989 2168 2034 [olu—
2210 2011 2224 2028 ς

1326 2040 1421 2073 tionis
1434 2037 1708 2084 quindemniorum
1719 2061 1729 2071 .
2206 2043 2207 2046 ’
2223 2075 2225 2077 ,

1209 2101 1252 2125 10
1276 2092 1323 2130 Re,
1333 2094 1437 2130 emp-rx
1452 2088 1585 2118 iavsntae
1598 2081 1735 2119 obnoxia
1743 2085 1913 2127 servituti,
1928 2081 2078 2131 quomode)
2090 2084 2111 2129 s
2107 2096 2162 2119 uc-
2215 2099 2235 2121 A

1332 2142 1482 2167 curratur
1494 2132 1628 2177 emptori
1638 2155 1647 2163 .
2221 2130 2225 2138 ’

1213 2195 1228 2219 1
1239 2194 1252 2217 1
1279 2187 1345 2216 Pro
1356 2179 1524 2213 laudemiis
1540 2202 1548 2215 ‚
1577 2179 1621 2213 ά·
1644 2179 1844 2223 quiade-auiis
1856 2190 1896 2214 an
1910 2185 2065 2225 competat
2078 2179 2165 2214 vicu
2213 2206 2216 2214 ,

1333 2227 1536 2272 exequutiva
1550 2247 1559 2258 .

1200 2323 1324 2405 His
1336 2318 1453 2366 positis
1477 2317 1574 2354 facile)
1589 2315 1762 2354 resolvitur
1784 2318 1924 2366 quaestio
1939 2317 1981 2355 de
1995 2317 2080 2355 solu·
2124 2330 2147 2363 7

1310 2369 1401 2402 tione
1414 2364 1712 2412 quindemniorum
1726 2390 1736 2405 ,
1755 2367 1836 2412 quia
1847 2365 2075 2402 communiter

1196 2425 1368 2460 receptum
1381 2413 1427 2448 est
1447 2438 1456 2452 ‚
1471 2424 1540 2448 non
1554 2410 1642 2458 posse
1655 2412 1835 2449 dominum
1850 2411 1995 2448 recusare
2009 2437 2020 2452 ,
2043 2423 2081 2449 ut

1196 2462 1329 2507 Emphy
1336 2461 1433 2495 tensis
1446 2458 1657 2495 haereditaria
1670 2472 1739 2495 non
1751 2458 1893 2496 transeat
1907 2461 1952 2495 ad
1967 2462 2081 2496 Eccle-

1198 2509 1280 2544 fiam
1297 2535 1306 2548 ,
1318 2506 1464 2553 aliasque
1477 2517 1598 2542 manus
1621 2517 1775 2544 mortuas
1786 2532 1796 2547 ,
1819 2508 1841 2542 fi
1856 2507 1926 2542 haec
1937 2505 2083 2543 offerant

1198 2555 1498 2602 quindemniorurn
1515 2553 1711 2589 solutionem
1724 2579 1734 2593 ‚
1759 2555 1836 2591 licet
1847 2555 1934 2590 enim
1951 2555 1999 2590 uti
2016 2554 2082 2592 ixl-³

1199 2602 1418 2649 Emphyteuli
1436 2600 1646 2637 haereditaria
1672 2604 1781 2641 valeat
1806 2602 1953 2638 Ecclesia
1977 2599 2083 2636 sncce-

1200 2650 1277 2686 dere
1292 2674 1301 2688 2
1318 2650 1339 2684 li
1352 2649 1397 2684 est
1410 2649 1512 2683 haeres
1525 2649 1762 2694 Emphyteutae
1773 2674 1784 2688 ‚
1799 2659 1951 2686 attamen
1963 2647 2082 2694 quia-22

1200 2698 1296 2734 adest
1313 2694 1501 2742 desperatio
1521 2695 1752 2731 devolutionis
1765 2720 1774 2735 ‚
1796 2707 1938 2741 excepto
1949 2691 2093 2732 tantuin·

264 2747 377 2781 minus
388 2746 533 2781 directus
550 2759 624 2782 eam
639 2750 742 2793 penes
758 2748 938 2785 Ecclefiam
949 2758 1142 2793 permanere

268 2805 347 2828 cum
361 2794 530 2829 oblatione
546 2797 830 2839 quindenniorum
849 2821 859 2830 .
886 2797 926 2830 Et
953 2795 1083 2829 videtur
1094 2792 1144 2828 af-

267 2841 487 2879 firmandum,
498 2841 580 2886 quia
594 2843 788 2887 praeiudicio
801 2842 1049 2878 laudemionnn
1063 2853 1144 2875 con-

269 2887 383 2924 sulitur
394 2898 471 2922 curn
485 2888 660 2923 oblatione
675 2889 958 2934 quindenniorum
977 2915 985 2928 ‚
1002 2889 1102 2934 idque
1117 2887 1141 2922 fi

269 2934 509 2981 Emphyteufis
531 2936 569 2970 fit
594 2935 804 2970 hereditaria
815 2961 825 2974 ,
851 2941 883 2970 8<
908 2936 952 2971 ad
966 2944 1144 2970 extraneos

272 2982 462 3018 tranlitoria
475 3007 484 3021 ‚
512 2981 601 3017 secus
616 2983 638 3016 fi
655 2994 717 3025 pro
743 2982 930 3017 haeredibns
952 2981 1148 3026 sanguinis,

270 3029 352 3076 quia
365 3039 446 3064 tunc
463 3041 532 3064 non
552 3028 734 3064 consulitur
748 3029 944 3074 praejudicio
958 3028 1152 3063 devolutio-

275 3087 356 3110 num
373 3076 420 3110 ob
433 3075 553 3111 lineam
567 3076 701 3111 finitam
717 3100 726 3114 ‚
749 3077 798 3111 ita
813 3081 901 3111 Luca
917 3076 1049 3117 disc-49·
1061 3086 1153 3118 nu.4.

282 3124 413 3157 Etenim
428 3124 583 3169 quamvis
594 3125 635 3158 de
653 3123 730 3169 Jure
742 3123 911 3157 Dominus
925 3122 1069 3157 directus
1082 3121 1155 3167 pos-

279 3168 319 3202 sit
335 3171 361 3203 se
374 3182 555 3215 opponere,
575 3171 616 3205 ne
630 3168 867 3216 Emphyteufis
881 3168 1023 3204 transeat
1039 3168 1081 3203 ad
1099 3170 1160 3203 Ec-

280 3215 411 3265 clesiam
425 3241 432 3254 ,
460 3217 539 3262 quia
551 3217 650 3255 cefl'at
665 3217 734 3264 spes
748 3216 946 3252 reversionis
961 3242 970 3256 ‚
991 3227 1031 3250 ac
1046 3215 1160 3249 laude-

283 3271 431 3295 miorum
444 3263 490 3297 ob
502 3265 761 3309 perpetuitatem
775 3289 784 3303 ,
795 3273 947 3300 attamen
960 3262 1018 3298 nbi
1032 3261 1078 3296 est
1093 3273 1162 3296 me-

282 3307 318 3342 re
330 3305 538 3344 haereditaria
553 3334 562 3348 ,
592 3316 624 3346 &
638 3323 707 3346 non
734 3311 847 3357 agitur
860 3311 901 3345 de
915 3312 991 3345 loco
1003 3335 1013 3349 ‚
1040 3309 1073 3343 in
1090 3320 1161 3354 quo

287 3364 413 3406 magna
431 3356 582 3397 potentIa
592 3358 792 3392 considerari
810 3356 1035 3394 valeat‚etiam
1051 3357 1163 3391 Eccle-

285 3400 331 3434 fia
343 3408 406 3435 erit
419 3410 526 3443 capax
542 3425 550 3439 ,
567 3406 713 3438 Gratiam.
726 3403 898 3448 ubisupra‘,
913 3406 954 3438 a*
969 3403 1164 3437 Hodiern.ad

296 3448 391 3482 Surd.
404 3446 536 3491 decis-93
546 3473 554 3481 .
570 3460 658 3491 nu.9.
669 3452 701 3482 ἃ·
714 3449 813 3484 cellat
823 3449 911 3485 ratio
924 3447 1164 3493 prohibitionis

1201 2743 1279 2780 casu
1296 2769 1306 2784 ,
1319 2755 1391 2790 quo
1404 2742 1501 2779 fiscus
1517 2741 1686 2778 succedere
1696 2742 1831 2779 deberet
1844 2743 1877 2778 in
1894 2742 2085 2786 hereditate

1202 2791 1438 2838 Emphyteutae
1453 2816 1462 2831 ‚
1491 2789 1727 2826 deficientibus
1750 2785 2087 2835 omnibuslegitimis

1201 2838 1388 2874 haeredibus
1399 2862 1409 2877 ‚
1446 2838 1569 2873 tamen'
1586 2836 1666 2882 quia
1682 2835 1776 2874 casus
1794 2833 2024 2872 devolutionis
2040 2833 2086 2868 ad

1201 2884 1402 2922 beneficium
1418 2883 1550 2920 domini
1562 2883 1679 2920 directi
1695 2909 1706 2924 ,
1731 2885 1808 2925 cum
1821 2882 1916 2918 fiscus
1929 2881 1964 2916 in
1987 2880 2088 2914 haere-

1203 2933 1310 2969 ditate
1321 2930 1570 2971 succederet‚est
1582 2931 1709 2966 modici
1722 2929 1896 2975 prejudicii
1907 2927 2008 2971 ipsius
2017 2926 2080 2961 do-

1209 2979 1296 3016 mini
1310 3005 1320 3019 ,
1333 2977 1495 3024 nimisque
1512 2978 1633 3014 remoti
1650 3002 1659 3016 ‚
1672 2977 1749 3013 ideo
1763 2985 1932 3021 receptum
1948 2974 1992 3008 est
2006 2997 2015 3012 ‚
2026 2983 2063 3008 ut
2078 3001 2090 3016 ‚

1211 3026 1331 3063 oblata
1345 3024 1509 3061 solutione
1524 3025 1772 3060 laudemiorum
1784 3046 1794 3060 ‚
1815 3026 1847 3056 δι
1863 3020 2091 3065 quindennio-

1212 3085 1289 3111 rum
1302 3098 1312 3113 ,
1328 3085 1396 3107 non
1411 3081 1565 3107 teneatur
1576 3070 1722 3107 Ecclesia
1734 3068 1834 3103 haeres
1847 3068 2001 3111 instituta
2010 3069 2089 3102 Em-

1216 3119 1411 3168 phyteusim
1422 3116 1668 3154 haereditariam
1689 3114 1858 3149 dimittere
1874 3139 1882 3153 ,
1907 3113 1996 3149 secus
2013 3118 2092 3152 vcro

1218 3167 1393 3203 oblatione
1421 3163 1668 3201 laudemiornm
1684 3185 1693 3199 ,
1718 3159 1769 3195 seu
1793 3160 2095 3207 quindemniorum

1221 3226 1291 3250 non
1304 3211 1388 3249 fa&a
1402 3237 1412 3251 ,
1436 3211 1518 3257 quia
1532 3207 1718 3244 transeunte
1731 3207 1946 3254 Emphyteufi
1961 3210 2006 3244 ad
2021 3220 2097 3244 mg-

1223 3273 1285 3296 nus
1297 3269 1470 3295 mortuas,
1494 3263 1669 3301 generatur
1687 3265 1847 3299 magnum
1860 3255 2092 3300 praejudicium

1221 3308 1377 3343 domino,
1390 3304 1469 3350 quia
1482 3302 1561 3336 raro
1575 3325 1584 3338 ‚
1596 3309 1656 3334 aut
1668 3312 1839 3345 nunquam
1851 3302 1959 3337 solent
1973 3312 2094 3336 manus

1221 3364 1363 3389 mortuae
1374 3376 1382 3390 ,
1401 3348 1548 3382 Ecclefiae
1560 3345 1692 3385 scilicet,
1706 3348 1837 3394 aliaque
1851 3351 1927 3384 loca
1941 3349 2001 3383 Pia
2015 3349 2092 3383 alie-

1223 3410 1302 3435 nare
1314 3424 1323 3437 ‚
1334 3398 1438 3431 stante
1452 3393 1532 3439 legis
1543 3393 1771 3439 prohibitione
1790 3421 1798 3434 ‚
1823 3397 1918 3442 quod
1933 3407 2000 3429 non
2013 3406 2094 3429 con-

1224 3445 1382 3489 tingeret,
1397 3442 1418 3476 si
1428 3451 1479 3477 res
1492 3441 1694 3478 detineretur
1705 3443 1746 3479 ab
1756 3443 1830 3479 aliis
1839 3441 2002 3490 personis,
2006 3442 2093 3523 {quia

1981 3488 2004 3522 il
2022 3500 2047 3522 ae
