2295 3757
529 106 628 169 De
645 95 1075 183 Qindenniis
1094 139 1109 165 ,
1127 89 1286 181 Cap.
1304 91 1616 162 LXVIII.

91 221 132 254 28
160 218 329 260 Relevium
343 218 548 263 anteit-mons
558 218 645 262 exigi
660 212 770 259 nequit
782 234 793 246 .

88 280 132 308 29
158 268 392 313 „Quindcnaium
407 265 505 308 fimilc
515 264 554 302 esi
565 263 685 298 relevio
698 284 707 293 .

88 326 132 358 30
157 317 195 349 ln
204 317 257 362 plu
263 315 351 350 ribus
361 325 415 361 neg
421 325 448 348 οι
457 314 497 347 iis
507 322 607 347 annus
621 314 734 354 captus
745 304 881 341 babetur
891 313 946 353 pro
957 316 1040 340 com·

226 367 286 400 Ῐῖΐθ
300 390 307 396 -

93 421 132 453 31
162 374 321 447 stanuum
333 412 474 457 legatum
483 403 609 442 debetur
619 404 653 438 in
664 403 820 447 principio
832 401 909 436 anni
921 425 931 435 .

89 469 106 502 3
115 471 131 493 2
159 463 189 493 S.
201 459 373 494 Concilzum
398 456 519 502 quando
529 453 630 497 exigit
644 452 801 497 integrum
812 457 937 495 tempus
949 471 961 485 ‚
984 459 1041 483 ex-

256 519 283 538 tr
300 517 310 536 Ι
328 534 331 536 .

88 564 103 593 3
113 565 127 594 3
156 516 439 600 Affrsgr2J1·ffi0ncm
451 548 650 582 emittendam
663 547 870 592 requiruntur
887 543 1015 580 16.anni
1029 564 1040 575 .

85 610 132 645 34
157 605 246 636 AEtas
262 600 513 635 subdiaconatus
527 619 537 634 ‚
554 595 753 629 Diaconatus
766 619 775 633 ,
799 596 843 629 (9·
866 590 1041 636 Prasbyte-

200 657 292 684 ratiis
302 672 312 682 .

84 706 125 740 35
155 701 288 740 Tempus
308 700 438 739 captum
459 688 594 726 habetur
616 697 671 736 pro
695 688 845 735 completo
866 686 986 731 favore
1000 687 1041 722 li-

201 741 333 777 bertatis·
348 764 356 773 .

82 796 127 836 36
151 789 327 825 Praefertim
338 813 346 826 ,
370 788 496 831 quando
516 784 649 823 libertas
662 785 855 832 relinquitur
865 790 949 818 certo
962 789 1041 817 tem-

219 848 272 871 OYC
285 861 292 869 .

83 897 126 930 37
152 845 229 925 'Nb'n
243 882 281 918 e‘i
295 883 494 927 arguendum
518 880 538 916 a*
549 879 698 917 libertate
711 881 752 915 ad
763 879 945 914 contractus
959 901 970 912 .

82 936 126 977 38
153 932 290 977 speciale
311 931 350 969 eil
364 933 397 966 in
407 928 578 965 bonoribus
592 953 602 969 ,
627 939 664 965 ut
675 937 798 975 tempus
809 923 968 961 habeatur
978 932 1040 971 pro

200 981 350 1023 completo
362 1003 370 1012 .
552 1002 554 1005 -

83 1038 128 1073 39
154 1029 192 1059 In
202 1029 337 1061 materia
349 1027 467 1071 partim
472 1022 672 1070 favorabili,
685 1024 728 1060 Θ
740 1022 859 1068 partim
870 1019 973 1063 odiosa
984 1032 1041 1056 an-

200 1085 259 1109 nus
272 1082 387 1120 captus
403 1086 461 1109 non
476 1071 611 1108 habetur
624 1082 679 1117 pro
694 1071 843 1115 completo
854 1093 863 1102 .

81 1131 130 1164 40
154 1126 191 1156 ln
206 1121 412 1167 Por-tugallr'a
427 1129 503 1156 atas
515 1117 714 1166 publicorum
724 1115 916 1162 officialium
932 1113 973 1160 est
984 1125 1042 1159 25.

201 1181 302 1204 annus
311 1169 483 1214 completus
495 1193 502 1201 .

81 1227 126 1260 41
154 1216 297 1251 Verbum
309 1214 504 1261 pet-veniss'et
517 1215 644 1249 denotat
652 1211 911 1259 complementum
923 1234 936 1246 .

81 1274 126 1310 42
154 1269 195 1297 ,Α
207 1264 313 1308 legato
327 1275 386 1298 non
396 1267 548 1308 arguitur
559 1262 601 1295 ad
611 1261 807 1295 contraitum
818 1283 828 1292 .

84 1323 127 1357 43
156 1315 193 1344 ln
206 1308 428 1353 omnibusfere
449 1307 576 1344 alitibus
587 1316 713 1355 tempus
733 1304 821 1342 debet
833 1303 890 1353 effe
909 1305 1042 1353 comple-

204 1365 274 1392 tum
284 1384 293 1392 .

79 1416 129 1451 44
151 1406 189 1438 In
202 1404 308 1450 legato
323 1402 530 1441 conditionali
542 1411 668 1451 tempus
678 1413 737 1439 non
750 1401 884 1438 habetur
895 1409 950 1448 pro
960 1412 1043 1438 com-

219 1452 281 1488 leto
296 1478 303 1486 .

82 1512 126 1545 45
155 1461 346 1540 Cogsuetudo
359 1525 367 1539 ‚
382 1497 617 1547 quantominus
626 1498 716 1545 Juri
725 1498 876 1543 derogare
887 1494 976 1531 debet
987 1521 997 1530 .

80 1553 128 1593 45
153 1546 285 1591 Poffunt
298 1549 371 1583 dari
391 1549 528 1593 casus2in
542 1545 661 1595 quibus
673 1546 879 1591 quindenium
891 1542 1044 1580 debeatur

198 1596 230 1628 in
240 1596 394 1641 principio
408 1621 418 1630 .

79 1655 126 1688 47
151 1644 289 1677 vatium
299 1642 339 1685 esi
349 1644 451 1679 altera
464 1645 520 1679 lex
530 1667 541 1679 .

78 1695 126 1734 48
151 1696 264 1724 Partes
275 1691 436 1733 censentur
442 1691 477 1734 se
486 1691 682 1735 conformare
693 1686 910 1732 consuetudini
921 1711 932 1722 .

78 1749 126 1781 49
151 1737 342 1778 Consuetudo
353 1737 449 1773 habet
463 1739 546 1785 legis
558 1739 708 1784 vigorem
720 1761 728 1770 .

80 1796 125 1830 50
150 1788 199 1819 Ex
215 1787 286 1819 actu
293 1785 566 1828 facultativonon
579 1787 742 1821 inducitur
752 1781 958 1827 observantia
972 1805 983 1818 0

82 1843 98 1875 5
109 1844 122 1867 1
152 1831 241 1877 ,Qis
235 1843 297 1877 que
305 1834 491 1868 renunciare
498 1832 596 1880 potest
599 1830 747 1877 favoris
743 1842 782 1864 1⁴⁰
793 1854 803 1864 ·

83 1891 126 1924 52
155 1879 304 1915 Solvitur
317 1881 506 1927 quandoque
530 1882 564 1915 in
587 1879 744 1925 principio
753 1878 979 1920 quindennium
998 1877 1042 1914 ad

197 1926 379 1970 faciendam
387 1939 452 1962 rem
462 1935 594 1972 gratam
603 1928 737 1961 Domino
748 1927 864 1959 directo
877 1949 887 1958 .

84 1984 125 2018 53
155 1979 204 2008 De
217 1971 309 2017 Jure
317 1978 475 2009 communi
480 1974 653 2016 solutiones
655 1970 740 2014 fiunt
751 1973 784 2005 in
791 1969 855 2013 fine
866 1997 875 2006 .

83 2031 129 2064 54
153 2019 347 2059 Consuetudo
365 2023 464 2056 varia
479 2023 597 2056 dicitur
610 2021 697 2055 modo*
707 2017 782 2054 alba
796 2042 805 2055 ‚
830 2016 918 2054 modo
928 2019 1020 2064 nigra
1031 2043 1042 2054 .

87 2079 126 2112 55
157 2067 351 2102 Consuetudo
362 2071 514 2103 reducens
522 2078 645 2115 tempus
649 2067 819 2110 solutionis
829 2068 869 2101 ad
879 2066 951 2113 Jus
961 2077 1044 2101 com-

202 2126 304 2152 mune,
318 2117 434 2150 dicitur
439 2115 643 2159 favorabilis
653 2139 662 2148 .

87 2166 132 2206 56
157 2164 346 2202 Consuetudo
357 2161 467 2198 contrax
480 2163 554 2210 Jus
568 2165 686 2198 dicitur
697 2161 802 2204 odiosa
813 2185 823 2201 ‚
840 2172 877 2195 ac
890 2160 1017 2205 onerosa
1031 2185 1042 2196 .

84 2220 127 2252 57
153 2209 347 2251 Consuetudo
364 2222 423 2244 non
434 2211 597 2245 inducitur
611 2221 650 2244 ex
661 2207 787 2245 aiiibus
799 2211 936 2244 erroneis
947 2233 958 2243 .

83 2259 127 2299 58
157 2263 253 2291 Erro:⁴
265 2258 440 2292 communis
448 2257 529 2302 facit,
542 2257 614 2303 Jus
626 2282 636 2292 .
925 2266 928 2270 '

84 2312 101 2346 ς
108 2315 130 2346 9
157 2304 333 2337 Limitatur
345 2328 353 2342 ‚
364 2307 488 2348 quando
500 2303 635 2344 errores}
644 2303 852 2350 particularis
864 2328 874 2338 .

83 2357 132 2387 60
159 2350 279 2384 solutio
286 2350 379 2393 satta
391 2361 446 2398 per
455 2352 565 2397 plures
579 2353 703 2387 inducit
717 2351 969 2394 consuetudinem
981 2375 991 2386 .

84 2401 127 2434 61
156 2396 295 2434 Ultima,
305 2397 380 2441 sive
388 2401 537 2446 proxima
550 2399 739 2442 consuetudo
755 2400 941 2434 attendenda
952 2397 992 2440 esi
1006 2422 1016 2433 .

85 2449 130 2481 62
157 2442 328 2478 Alimenta
339 2445 445 2491 legata
456 2472 464 2486 ,
473 2446 571 2488 solita
581 2445 719 2488 predari
733 2445 752 2480 a*
762 2446 887 2491 legante
899 2471 908 2484 ,
922 2446 1041 2480 intelli-

197 2499 324 2535 guntur
335 2491 441 2537 legata
450 2493 585 2539 illaque
595 2494 627 2527 in
639 2501 737 2528 morte
743 2493 877 2538 prestari
882 2491 1040 2536 solebant.

84 2541 128 2581 63
159 2541 196 2570 In
208 2537 303 2578 causa
312 2537 419 2579 status
430 2539 653 2585 inspiciendum
666 2539 816 2575 ultimum
827 2547 947 2588 tempus
957 2562 968 2574 .

84 2589 132 2628 54
156 2581 334 2619 'Posteriora
344 2587 493 2630 derogant
504 2585 664 2633 prioribus
677 2612 687 2620 .

84 2636 106 2668 6
115 2646 126 2673 -3
155 2632 192 2664 In
207 2628 440 2671 beneficialibus
454 2635 627 2668 attenditur
638 2635 771 2669 ultimus
778 2631 883 2673 status
896 2659 908 2670 .

88 2683 134 2714 66
159 2679 196 2711 In
207 2679 291 2711 omni
304 2680 437 2714 materia
447 2680 612 2726 inspicitur
621 2682 755 2716 ultimus
765 2681 864 2723 (tatus
875 2706 887 2716 .

85 2729 130 2767 67
157 2727 194 2758 In
208 2723 304 2759 dubio
317 2728 501 2761 attendenda
511 2725 550 2766 ej‘i
560 2728 746 2770 consuetudo
755 2727 975 2770 favorabilior
985 2753 996 2763 .

88 2775 133 2808 63
158 2775 195 2805 In
209 2770 304 2806 dubio
313 2772 469 2819 sequenda
482 2773 667 2817 consuetudo
678 2773 827 2821 solvendi
840 2775 1039 2813 laudemium

205 2821 238 2852 in
249 2821 361 2853 minori
367 2819 493 2861 summa
503 2845 513 2854 .
870 2820 875 2827 ’

88 2869 133 2908 69
161 2871 197 2900 In
205 2866 305 2901 dubio
313 2868 477 2903 mfnimum
485 2867 679 2916 sequendum
688 2893 698 2903 .

87 2924 134 2957 70
158 2915 359 2958 Redeundum
369 2916 410 2949 ad
420 2914 494 2959 Jus
505 2927 667 2952 commune
675 2917 708 2951 in
717 2915 791 2959 casu
809 2916 1016 2960 diversarum
1027 2942 1039 2959 ,

206 2963 250 2994 &
262 2963 342 2996 inter
347 2961 369 3003 s
364 2973 376 2995 c
388 2965 623 2998 contrariarum
632 2963 890 3004 consuetudinum
899 2987 910 2999 .

89 3017 110 3049 7
119 3019 132 3042 1
161 3012 207 3040 De
218 3005 310 3052 Jure
317 3008 435 3049 solutio
438 3009 590 3052 facienda
603 3009 643 3048 est
657 3011 689 3045 in
696 3009 761 3051 fine
773 3034 782 3044 .

89 3065 135 3097 72
161 3056 357 3094 Intolutione
376 3056 530 3091 laudemii
533 3056 700 3099 servanda
721 3055 875 3101 esipotiiis
884 3056 1046 3100 consuetu-

208 3102 245 3134 do
255 3102 315 3136 loci
323 3102 438 3145 rersitae
449 3127 458 3140 ‚
472 3103 569 3151 qua‘m
581 3105 640 3139 illa
650 3104 711 3139 loci
721 3106 900 3139 contractus
911 3128 920 3138 .

89 3158 132 3191 73
162 3147 303 3189 Infeudo
316 3149 473 3196 sequenda
499 3149 537 3190 esi
550 3151 656 3197 potitis
676 3151 864 3192 consuetudo
876 3152 937 3187 loci
940 3150 1044 3196 situa-

207 3197 301 3228 tlonis
303 3197 396 3237 feudi
407 3219 418 3233 ‚
433 3195 532 3243 qudm
542 3199 600 3233 illa
610 3200 673 3233 loci
683 3196 878 3240 conceffionis
882 3198 974 3242 feudi
984 3223 994 3233 .

89 3252 136 3285 74
162 3239 377 3284 Empbyteufts
386 3243 479 3279 babet
486 3249 697 3291 promiscuam
705 3255 852 3280 naturam
860 3246 1044 3290 cumseudo.

89 3299 132 3332 75
161 3285 322 3323 Praellatio
331 3291 375 3322 rei
383 3292 483 3326 intelli
480 3294 575 3336 gitur
576 3293 725 3336 facienda
732 3294 902 3335 tecundtim
913 3293 1040 3338 consue·

209 3336 347 3368 tudinem
360 3336 432 3374 loci,
444 3337 498 3371 uba
508 3342 662 3375 tradenda
676 3339 715 3380 esi
730 3359 739 3369 .

91 3387 138 3426 76
162 3386 312 3420 Veterum
325 3382 786 3433 Jarisconsultorumformnlae
796 3411 808 3425 .

1868 119 1985 187 311

1120 219 1166 254 77
1192 210 1231 244 In
1244 206 1465 265 ‘uectigalibus
1483 210 1602 258 pradia
1624 207 1692 256 ipsa
1701 230 1712 248 ,
1735 217 1794 245 non
1815 214 1945 248 Domini
1958 221 2077 250 conve-

1242 266 1373 292 niuntur
1388 282 1396 290 .

1121 305 1168 346 78
1193 304 1385 346 Consuetudo
1399 303 1437 344 esi
1451 305 1553 342 altera
1571 313 1689 340 natura
1701 326 1712 339 0

1120 363 1167 396 79
1194 351 1350 399 ,Qualibet
1364 353 1498 390 bominis
1515 353 1668 402 dispositio
1680 351 1700 389 d
1713 350 1933 397 consuetudine
1952 354 2079 399 regula*-

1241 408 1296 435 tnr
1307 426 1315 435 .

1125 448 1170 484 80
1196 447 1344 493 'Provisio
1365 450 1402 484 de
1417 446 1566 491 Beneficio
1587 447 1778 493 intelligitur
1797 447 1887 491 satta
1901 447 1996 493 juxta
2009 458 2082 493 con-

1236 494 1433 538 suetudinem
1445 498 1506 531 loci
1519 523 1527 536 ,
1550 494 1605 532 ubi
1615 497 1695 532 illud
1705 495 1857 532 collatum
1866 496 1931 540 suit
1944 519 1955 531 .

1125 543 1144 577 8
1153 554 1165 578 1
1196 544 1336 578 Feudum
1348 546 1463 580 dtcitnr
1475 542 1657 585 beneficium
1667 568 1677 579 .

1123 591 1166 625 82
1194 588 1381 632 Bemficiare
1402 603 1457 638 pro
1469 591 1633 636 infeudare
1645 615 1655 626 .

1122 639 1163 682 83
1192 642 1229 672 ln
1237 638 1314 730 fasu
1326 642 1431 729 [cineris
1443 641 1488 675 rei
1500 639 1664 687 inspicitur
1677 638 1865 682 consuetudo
1876 638 1949 680 loci,
1964 634 2021 672 ubi
2031 647 2082 672 res

1252 695 1300 722 tta
1314 699 1328 721 e
1364 712 1374 722 .

1124 733 1171 776 84
1194 735 1233 768 tn
1239 732 1396 776 solutione
1410 736 1614 773 Decimarum
1637 736 1811 770 attenditur
1829 733 1936 782 potius
1956 729 2083 775 consue-

1240 783 1317 817 tudo
1330 783 1403 824 loci,
1417 782 1474 819 ubi
1482 794 1532 818 res
1541 784 1726 817 decimanda
1733 780 1800 827 fita
1804 780 1828 825 s
1825 790 1882 817 unt
1894 805 1907 816 .

1125 828 1165 868 85
1194 828 1428 875 Qindennium
1436 830 1536 876 simile
1552 829 1589 872 esi
1605 831 1728 866 decima
1742 854 1751 863 .

1123 875 1168 910 86
1193 879 1323 912 Fundus
1333 879 1473 922 censetur
1485 879 1641 913 venditus
1650 876 1746 924 juxta
1756 875 1931 918 mensuram
1940 875 2002 912 loci
2011 886 2084 910 con-

1238 927 1373 965 tractus,
1387 938 1448 962 non
1458 933 1566 962 autem
1579 923 1676 971 iuxta
1687 924 1774 968 mens
1769 934 1863 959 uram
1873 924 1934 959 loci
1938 922 2089 968 situatio-

1238 972 1289 1006 m's
1321 975 1398 1009 undi
1410 999 1420 1009 .

1124 1016 1169 1060 87
1193 1018 1232 1051 In
1252 971 1388 1056 ma'ieria
1407 1029 1604 1058 monetarum
1633 1019 1792 1067 praevalet
1815 1017 2002 1062 consuetudo
2020 1017 2089 1053 loc?

1241 1071 1422 1104 contractus
1433 1068 1648 1112 consuetudirti
1661 1068 1722 1103 loci
1733 1068 1780 1102 rei
1790 1092 1799 1100 .

1124 1112 1169 1147 83
1195 1111 1329 1149 Gabella
1337 1114 1494 1158 solvenda
1507 1118 1544 1151 de
1556 1123 1640 1151 certo
1655 1113 1853 1157 contractus
1849 1113 1975 1150 olvitur
1986 1110 2087 1158 iuxtae

1193 1169 1325 1205 quotam
1335 1172 1484 1200 taxatam
1498 1165 1530 1198 in
1543 1163 1610 1198 loco
1624 1164 1805 1198 contractus
1819 1185 1829 1195 .

1124 1207 1170 1250 89
1193 1208 1233 1242 In
1251 1209 1397 1246 omnibus
1419 1209 1545 1247 astibus
1561 1210 1683 1255 semper
1705 1209 1882 1245 attenditur
1899 1206 2092 1252 consuetudo

1241 1254 1303 1291 loci
1318 1260 1499 1293 contractus
1511 1284 1521 1293 .

1124 1310 1172 1344 90
1194 1303 1234 1336 In
1257 1302 1496 1349 conceffionibus
1511 1304 1763 1352 Emphyteuticis
1778 1303 1943 1348 servanda
1955 1302 1996 1344 est
2014 1313 2085 1339 con·

1240 1348 1376 1392 suetudo
1385 1353 1446 1388 loci
1459 1355 1641 1388 contractus
1652 1377 1662 1388 .

1124 1406 1169 1439 91.
1195 1399 1302 1434 Etiam
1313 1410 1373 1434 non
1386 1397 1510 1442 subditi
1517 1400 1654 1444 servare
1665 1407 1809 1434 tenentur
1828 1399 1861 1433 in
1872 1398 1940 1433 loco
1961 1406 2086 1433 contra-

1242 1446 1314 1480 ctus
1332 1469 1344 1486 ,
1367 1447 1457 1483 illius
1477 1442 1710 1491 consuetudines
1733 1445 1794 1490 sub
1811 1454 1901 1493 poena
1925 1445 2091 1485 nullitatie

1243 1494 1336 1528 abitas
1348 1518 1358 1528 .

1124 1548 1170 1581 92
1197 1539 1312 1575 Minas
1317 1539 1425 1584 solvit
1440 1544 1498 1590 qui
1511 1541 1634 1579 tardids
1640 1540 1748 1584 solvit
1760 1566 1770 1576 .
2039 1573 2041 1575 ,

1123 1596 1146 1628 9
1152 1595 1167 1625 3
1195 1588 1234 1620 In
1244 1597 1366 1624 moneta
1377 1591 1565 1633 considerari
1579 1587 1674 1637 potes}
1684 1589 1902 1635 privilegium
1914 1587 2013 1624 locale
2025 1611 2037 1622 .

1123 1641 1173 1676 94
1195 1635 1234 1668 In
1254 1636 1443 1680 quindennio
1452 1637 1702 1682 confiderandum
1723 1635 1763 1679 esi
1781 1636 1997 1683 privilegium
2008 1643 2085 1682 pan

1240 1683 1300 1717 tim
1307 1683 1468 1730 personale
1479 1709 1488 1724 ,
1504 1687 1547 1721 ἔφ’
1555 1685 1674 1732 partim
1684 1683 1788 1718 reale.

1121 1737 1165 1773 95
1193 1729 1387 1776 Aliquando
1408 1745 1466 1768 non
1473 1732 1598 1778 semper
1615 1732 1791 1766 attenditur
1812 1728 2000 1772 consuetudo
2012 1743 2085 1768 con-

1238 1779 1363 1813 trafius
1377 1803 1386 1813 .

1122 1825 1170 1868 96
1194 1827 1300 1908 Lozus
1308 1828 1473 1865 domt'nans
1485 1829 1602 1865 dicitur
1614 1824 1679 1866 ille,
1692 1827 1725 1861 in
1737 1837 1774 1864 cu
1779 1824 1831 1872 jus
1842 1827 2002 1862 territorio
2007 1826 2032 1871 s
2027 1833 2091 1864 unt·

1263 1884 1326 1908 ona
1338 1901 1348 1909 .

1123 1929 1170 1962 97
1195 1919 1305 1964 Casus,
1319 1923 1352 1957 in
1363 1935 1426 1968 quo
1442 1924 1617 1959 attenditur
1628 1922 1814 1965 consuetudo
1827 1922 1889 1957 loci
1893 1921 2084 1963 servientis.

1123 1969 1170 2012 98
1196 1974 1290 2016 Papa
1299 1972 1482 2016 conferendo
1498 1969 1683 2014 Beneficium
1698 1995 1708 2009 ,
1726 1970 1805 2005 illud
1816 1969 1956 2013 conferre
1966 1971 2085 2005 intelli-

1240 2016 1333 2108 313qu
1337 2020 1359 2063 s
1354 2020 1445 2056 alvis
1455 2016 1703 2056 rationabilibus
1713 2015 1989 2061 consuetudinibus
1999 2016 2062 2054 loci
2070 2040 2084 2057 ,

1244 2074 1265 2096 u
1290 2077 1300 2100 ι
1319 2075 1402 2103 itum
1413 2092 1423 2102 .

1124 2119 1173 2154 99
1197 2107 1598 2195 Defflcientelconsuetudine
1610 2114 1644 2148 in
1655 2113 1723 2149 loco
1735 2110 1891 2155 Beneficii,
1907 2113 2084 2149 attenditur

1243 2169 1253 2191 1
1282 2170 1302 2192 a
1314 2164 1367 2194 Ur
1391 2161 1420 2195 is
1431 2185 1442 2195 .

1104 2215 1172 2240 100
1195 2205 1234 2239 In
1243 2203 1400 2247 solvendo
1412 2209 1602 2254 quindennio
1611 2206 1775 2251 servanda
1787 2204 1828 2247 est
1838 2205 2023 2249 consuetudo
2034 2206 2082 2243 lo·

1243 2255 1273 2288 ci
1281 2254 1458 2297 servientis
1466 2281 1475 2295 ‚
1487 2254 1546 2291 ubi
1558 2254 1664 2301 nempe
1670 2254 1793 2304 sundug
1799 2253 1882 2297 situs
1890 2252 1931 2296 esi
1943 2277 1952 2288 .

1102 2311 1117 2336 1
1124 2311 1167 2335 01
1194 2301 1212 2331 Ι
1214 2310 1233 2333 n
1238 2298 1336 2343 feudo
1345 2302 1512 2348 inspicitur
1518 2302 1626 2348 potius
1635 2301 1821 2344 consuetudo
1830 2301 1892 2336 loci
1894 2300 2085 2344 servientis.

1103 2359 1169 2382 102
1194 2352 1236 2381 A
1244 2347 1341 2390 s'eudo
1351 2352 1394 2384 ad
1407 2348 1638 2396 Emphyteusim
1649 2347 1726 2384 bene
1740 2349 1892 2394 arguitur
1904 2373 1913 2382 .

1102 2404 1167 2439 103
1194 2393 1313 2440 ,Quoad
1324 2404 1448 2444 tempus
1456 2397 1606 2440 solvendi
1617 2397 1848 2443 quindennium
1858 2394 1965 2441 potitis
1987 2395 2084 2444 inspi-

1239 2444 1348 2478 cienda
1358 2444 1544 2488 consuetudo
1556 2444 1617 2479 loci
1623 2442 1801 2486 servientis
1812 2459 1822 2469 ·

1103 2500 1172 2532 104
1195 2493 1337 2535 Apatto
1348 2493 1388 2526 ad
1398 2491 1650 2534 consuetudinem
1662 2488 1740 2525 bene
1748 2491 1902 2536 arguitur
1910 2515 1921 2526 .

1103 2551 1116 2574 1
1123 2548 1165 2580 05
1195 2540 1340 2573 Materia
1352 2538 1555 2574 laudemialis
1559 2537 1674 2582 similis
1683 2537 1723 2580 esi
1733 2538 1952 2584 quindenniali
1964 2563 1975 2573 .

1101 2588 1169 2621 106
1193 2586 1330 2621 Decima
1341 2585 1521 2629 solvuntur
1541 2584 1638 2632 iuxta
1659 2584 1912 2628 consuetudinem
1936 2587 1999 2623 loci
2015 2585 2083 2630 ser-

1242 2635 1369 2669 vientis
1380 2659 1390 2668 .

1102 2690 1169 2722 107
1196 2679 1542 2726 Qindenniumjimile
1551 2679 1593 2724 esi
1603 2682 1740 2717 Decima
1751 2704 1764 2715 .

1100 2732 1167 2765 108
1193 2733 1230 2763 ln
1242 2727 1310 2771 iure
1321 2731 1479 2765 retractus
1487 2729 1664 2765 attenditur
1672 2727 1860 2772 consuetudo
1868 2727 1931 2764 loci
1933 2727 1957 2771 s
1953 2728 2082 2763 ervIen-

1240 2777 1285 2812 tis
1298 2800 1310 2811 .

1101 2835 1170 2869 109
1196 2824 1296 2867 Causa
1307 2824 1463 2872 agitanda
1476 2822 1516 2865 esi
1526 2825 1560 2860 in
1565 2823 1650 2868 foro,
1661 2821 1721 2858 ubi
1729 2823 1878 2867 Grangiae
1880 2821 1948 2865 sitae
1950 2822 1973 2864 s
1970 2829 2028 2856 unt
2039 2845 2051 2855 .

1103 2883 1119 2907 1
1129 2883 1170 2907 10
1194 2873 1233 2907 In
1243 2871 1400 2909 solutione
1422 2871 1576 2906 laudemie'
1585 2870 1694 2916 potius
1711 2870 1875 2913 servanda
1897 2869 2081 2910 consuetudo

1241 2918 1303 2955 loci
1314 2919 1516 2958 dominantis,
1529 2917 1629 2966 qua'm
1640 2918 1698 2952 illa
1704 2916 1880 2959 servientis
1891 2939 1902 2948 .

1105 2979 1120 3004 1
1129 2979 1143 3003 1
1155 2978 1169 3004 1
1195 2966 1436 3013 Qindennium
1445 2964 1484 3008 eli
1496 2966 1566 3002 loco
1576 2965 1730 3000 laudemii
1739 2987 1749 2997 .

1104 3028 1120 3052 1
1130 3027 1172 3052 12
1197 3015 1293 3060 Quod
1305 3013 1346 3056 est
1355 3011 1553 3060 praedicabile
1565 3015 1601 3048 de
1615 3011 1770 3047 laudemio
1783 3029 1795 3046 ‚
1821 3007 1863 3050 eli
1881 3007 2082 3056 praedicabile

1243 3062 1281 3097 de
1300 3061 1514 3109 quindennio.

1105 3122 1120 3145 1
1131 3123 1144 3145 1
1152 3121 1169 3154 3
1197 3112 1302 3144 Locus
1309 3108 1459 3151 serviens
1471 3105 1511 3146 esi
1520 3105 1631 3141 veluti
1637 3100 1779 3137 membru'
1791 3102 1853 3138 loci
1865 3104 2056 3140 dominantis
2067 3128 2078 3140 .

1105 3170 1120 3193 1
1132 3169 1174 3202 14
1198 3154 1383 3190 Membrum
1389 3155 1534 3200 separari
1545 3165 1603 3187 non
1614 3148 1702 3185 debet
1711 3147 1734 3188 ,ά
1743 3152 1848 3196 capite
1856 3175 1866 3185 .

1105 3216 1120 3239 1
1130 3216 1167 3246 15
1197 3201 1418 3247 Accefforiurn
1425 3200 1516 3247 sequi
1527 3197 1617 3234 debet
1629 3206 1780 3233 naturam
1786 3196 1840 3240 sui
1847 3198 2033 3245 principalis
2043 3222 2054 3233 .

1105 3264 1119 3287 1
1130 3255 1172 3286 16
1197 3256 1234 3284 In
1238 3250 1394 3293 solvendo
1405 3248 1495 3281 lucro
1507 3246 1605 3280 dotali
1618 3247 1787 3290 inspicitur
1796 3246 1902 3290 potius
1912 3248 2079 3281 statutum

1242 3295 1394 3332 domicilii
1406 3291 1590 3340 viri,qua‘m
1599 3292 1786 3334 consuetudo
1793 3293 1946 3328 domicilii
1954 3295 2080 3328 uxoris.

1107 3358 1122 3381 1
1133 3358 1174 3388 17
1201 3343 1439 3385 Quindennium
1449 3343 1543 3376 etiam
1551 3341 1677 3375 lucrum
1690 3339 1731 3382 esi
1741 3365 1750 3374 .
1835 3384 1837 3387 .

1108 3405 1122 3430 x
1133 3405 1146 3430 1
1154 3397 1174 3431 8
1200 3394 1334 3429 Decima
1342 3388 1450 3436 potius
1455 3388 1630 3434 solvuntur
1642 3387 1783 3435 Ecclesia
1793 3387 1980 3469 Baptismgli
1990 3410 2001 3420 .
2014 3431 2023 3438 ⁵

1836 3446 1851 3471 1
1860 3445 1902 3479 19
1955 3444 2037 3471 etox.
