2295 3757
541 87 638 150 De
674 86 1136 170 Qindenniis,
1174 93 1328 176 Cap.
1360 96 1530 158 LVI.

41 195 106 232 106
131 197 194 229 ΙΙΙ.
218 205 280 240 pro
293 194 445 231 Civitate
459 197 646 234 Bononien.
666 197 722 244 p'er
734 208 838 244 quam
856 199 1005 244 Emphy-

135 253 228 278 teuta
249 242 403 278 morosus
426 243 459 278 in
476 242 635 281 solvendo
661 253 787 280 canone
807 244 1004 282 admittitur

132 292 175 327 ad
189 291 424 336 purgationem
437 303 538 326 morae
558 290 614 327 sub
627 291 836 336 obligatione
851 293 935 326 nitra
948 304 1003 326 ca-

133 349 238 374 nones
249 336 406 374 decursos
418 363 426 378 ‚
437 342 470 373 &
483 349 553 373 non
568 338 691 373 solutos
706 363 714 377 ‚
730 335 877 372 solvendi
892 339 1004 383 impo-

134 385 255 421 sterum
277 384 470 432 duplicatos
485 395 627 419 canones
641 408 650 423 ,
671 394 708 419 ut
732 383 876 420 habetur
899 396 939 419 ex
951 388 1002 420 de-

138 436 211 478 cil.5
222 447 237 468 2
247 458 253 466 .
262 436 293 468 in
303 435 401 480 princ.
411 441 641 479 par-19secen.
653 443 695 466 an
710 430 868 466 nimirum
884 432 1000 476 vigore

132 481 277 517 Paulinae
297 478 538 516 eodemmodo
563 489 683 512 manns
697 488 834 513 mortua
846 479 1000 523 Emphy-

133 538 225 564 teuta
248 525 386 564 admissa
411 524 455 560 ad
469 525 682 569 purgandam
706 536 839 560 motam
868 525 914 559 ob
929 537 1000 560 non

132 575 279 612 solutum
299 570 540 621 quindenninni
563 581 713 607 teneatur
734 574 820 607 ultra
833 571 1000 618 quinden-

62 635 65 650 i
131 623 225 659 nium
239 619 409 658 decursum
424 644 432 657 ‚
447 623 478 652 δι
494 629 561 654 non
576 618 731 658 solutum,
745 620 789 654 ad
806 620 997 654 solvendum

130 671 162 705 in
179 669 324 705 futurum
348 666 520 711 duplicata
534 665 758 711 quindennia,
787 670 817 700 δι
833 666 997 701 videretur

130 714 337 753 affirmative
351 713 576 748 resolvendum
597 714 643 748 ob
659 716 858 758 paritatem,
887 714 996 747 immo

130 763 357 807 majoritatem
372 761 513 796 rationis
524 759 565 794 de
580 773 648 795 uno
659 762 702 795 ad
715 762 815 795 alium
831 758 954 796 casum.
971 760 992 793 ii

128 812 215 847 enini
233 806 386 844 Pontifex
409 809 500 851 jubet
518 806 597 842 solvi
609 809 828 853 imposterum
843 807 992 849 duplica-

126 868 181 894 tos
193 866 339 891 canones
352 879 360 893 ,
383 856 441 902 qni
454 856 628 890 annuatim
645 854 725 890 solvi
740 854 840 889 soient
856 878 864 892 ,
890 853 992 897 longe

124 903 235 948 magis
255 902 386 938 videtur
405 904 486 937 velle
501 928 511 942 ‚
536 913 571 937 ut
595 901 763 938 solvantur
785 901 988 946 duplicata-³

122 950 328 997 quindennia
342 974 351 989 ‚
375 961 447 996 quae
470 949 512 984 de
524 949 716 995 quindecim
741 950 774 983 in
793 948 989 993 quindecim

122 998 218 1034 annis
230 997 362 1032 tantum
377 996 457 1032 lolvi
468 995 813 1035 solent,verumtamen
824 993 988 1029 censerem

40 781 104 814 107

33 1010 95 1042 108

121 1103 293 1128 mortuam
306 1090 474 1126 morostun
501 1099 567 1124 non
591 1091 692 1125 teneri
717 1090 762 1124 ad
780 1089 986 1133 duplicate)

122 1139 327 1185 quindennia
342 1165 349 1178 ‚
364 1138 444 1185 quia
457 1137 532 1172 cnm
547 1137 663 1183 quoad
677 1137 855 1171 materiam
868 1147 987 1181 purga-

119 1186 225 1222 tionis
236 1197 336 1221 morae
349 1184 510 1220 versemur
525 1185 556 1218 in
569 1183 856 1221 thvorabni'bus,&
869 1183 987 1230 quoad

117 1234 294 1270 materiam
317 1232 557 1278 duplicationis
581 1231 863 1276 quindenniornm
887 1229 988 1265 veise-

116 1293 193 1316 rnur
217 1281 249 1315 in
265 1279 563 1325 praejudiciaiibtm,
590 1279 680 1312 Bulla
698 1281 837 1324 loquens
857 1278 898 1313 de
924 1276 986 1312 du-

117 1327 297 1375 plicatione
310 1337 478 1361 canonum
490 1350 498 1364 ‚
522 1336 590 1360 non
610 1325 700 1360 venit
714 1325 925 1360 extendenda
940 1325 984 1360 ad

114 1373 379 1419 duplicationem
393 1372 675 1417 quindenniorum
686 1398 694 1411 ,
709 1372 851 1418 quanvis
862 1373 932 1407 tam
948 1373 981 1407 in

113 1433 193 1459 uno,
207 1423 310 1466 quam
323 1420 356 1457 in
370 1420 440 1454 alio
452 1419 527 1454 cain
539 1420 658 1454 eidem
671 1445 679 1458 ,
695 1423 742 1454 vel
758 1418 893 1454 forsitan
910 1430 981 1454 ma-

113 1470 166 1513 ior
177 1467 266 1502 ratio
278 1466 408 1505 militet,
423 1467 468 1502 ob
480 1478 629 1511 poenam,
639 1468 743 1512 quam
757 1465 979 1506 continet,sed

23 1526 88 1559 109
113 1515 227 1560 potins
242 1514 379 1549 strifflm
392 1514 610 1558 intelligenda
629 1514 664 1548 in
684 1512 752 1548 solo
765 1513 838 1548 casu
854 1512 979 1556 exores-

113 1559 148 1597 so
159 1586 168 1600 ,
181 1561 259 1605 Mas
255 1563 340 1597 card.
353 1563 389 1595 de
397 1562 529 1606 general
532 1586 540 1594 .
551 1566 667 1595 Statut.
681 1562 840 1607 interpret.
851 1574 932 1596 conc.
946 1572 979 1604 4.

111 1612 256 1649 num.87.
276 1620 350 1651 139.
366 1610 407 1644 &
424 1620 501 1650 170.
515 1606 685 1653 quidquid
701 1609 739 1642 iit
750 1611 783 1642 in
798 1606 871 1642 casu
884 1633 893 1646 ‚
908 1620 978 1654 qno

23 1668 88 1694 110
112 1655 328 1690 Constiturio
341 1653 532 1700 praeciperct
545 1654 755 1700 duplicatum
769 1655 975 1689 laudemium

109 1714 173 1749 pro
186 1702 388 1748 purgatione
412 1713 513 1736 mora:
533 1701 578 1735 ob
591 1713 657 1735 non
673 1700 814 1747 petitam
840 1701 874 1737 in
893 1714 976 1737 teni-

110 1760 191 1794 pore
206 1750 433 1784 investituram
448 1774 457 1787 ‚
479 1750 526 1782 vel
550 1748 596 1783 ob
620 1748 713 1784 aliud
733 1750 835 1783 {imile
848 1775 859 1789 ‚
879 1750 977 1796 qnip-

101 1807 142 1842 pe
155 1806 236 1830 tnnc
260 1807 317 1841 per
343 1806 482 1831 manum
496 1806 666 1830 mortuam
679 1798 843 1831 crederem
867 1802 898 1832 δε
914 1798 976 1832 dn-

105 1843 267 1888 plicatum
282 1842 525 1888 quindeunium
540 1839 608 1876 fore
623 1840 817 1877 solvendum
829 1869 837 1883 ,
862 1844 975 1879 cum-2

19 1901 81 1926 111
110 1889 354 1925 iocoiaudemii
367 1887 546 1924 successerit
559 1889 803 1934 quindennium
820 1915 829 1923 .
846 1893 881 1925 Ε
893 1903 975 1926 con-

18 1948 84 1973 112
108 1945 160 1972 tra
173 1935 312 1982 quidem
331 1935 412 1970 nihil
426 1934 529 1971 habet
541 1947 720 1971 commune
736 1948 813 1972 cum
829 1950 975 1974 canone.

87 2053 904 2104 ARGUMENTUM.

8 2170 179 2207 Dominus
192 2169 337 2205 direetus
362 2169 435 2214 post
460 2167 669 2205 commissam
681 2163 811 2207 morani
832 2172 851 2206 ὰ
867 2185 969 2210 mann

53 2228 189 2254 mortua
205 2215 433 2262 Emphyteuta
447 2218 479 2251 in
492 2215 657 2253 solutione
671 2219 846 2263 quindenii
857 2245 866 2259 ,
889 2233 968 2266 prae-

54 2265 189 2301 tendere
201 2263 316 2310 nequit
326 2263 472 2299 interesse
484 2263 682 2311 quindennii
695 2277 764 2301 non
781 2265 876 2303 soluti
900 2268 967 2306 in)

49 2321 200 2359 tempore
211 2336 221 2346 .

226 2406 726 2442 SUMMARIUM.

54 2511 68 2534 1
99 2497 228 2535 Debitor
243 2499 393 2546 impotens
405 2500 445 2533 ad
452 2499 640 2541 solvendum
651 2502 786 2537 induciis
800 2504 964 2549 procrasti—

142 2558 215 2581 nare
221 2546 244 2588 s
240 2546 300 2580 olet
307 2546 493 2589 solutionem
505 2570 510 2577 .

48 2607 64 2629 2
91 2593 346 2628 controvertitur
359 2594 439 2626 inter
451 2595 597 2627 Donum
608 2619 616 2632 ,
636 2606 674 2628 an
685 2596 841 2637 censeatur
853 2600 953 2643 remis
948 2622 961 2627 -

136 2639 158 2681 s
153 2650 217 2677 um,
228 2650 281 2674 nec
292 2638 329 2673 ne
340 2637 476 2683 interesse
484 2642 618 2684 petitum
626 2641 690 2686 posi
702 2644 823 2689 recepti
830 2647 957 2686 sortem.

49 2699 64 2731 3
95 2689 248 2722 Dominus
261 2687 397 2719 direnus
407 2688 589 2727 praetendere
602 2690 708 2733 nequit
718 2690 854 2736 intereffe
867 2695 958 2740 quin-

136 2733 238 2768 dennii
249 2743 308 2766 non
312 2731 411 2774 soluti
420 2733 452 2764 in
464 2740 599 2777 tempore
612 2757 621 2766 .

45 2793 70 2825 4
93 2781 247 2814 'Praetendi
257 2779 364 2824 nequit
374 2778 511 2822 interesse
523 2791 582 2812 uon
587 2779 687 2821 soluti
695 2782 814 2818 relevii
827 2810 836 2818 .

48 2840 62 2871 ς
93 2825 138 2862 Ob
150 2824 344 2871 ceffationem
353 2824 520 2866 solutionis
531 2825 646 2860 relevit·
664 2829 694 2861 in
707 2837 841 2876 tempore
846 2833 952 2875 succe.

135 2875 181 2914 dit
191 2873 278 2918 poena
291 2872 443 2917 duplicati
453 2871 568 2905 relevit
581 2896 590 2905 .

39 2925 62 2956 6
85 2922 184 2954 'Poenae
196 2916 256 2953 non
262 2918 281 2962 s
278 2927 335 2952 unt
345 2917 585 2959 multiplicanda:
599 2943 608 2951 .

41 2978 62 3010 7
87 2967 193 3010 Nulla
215 2964 252 3005 eft
274 2964 409 3010 apposita
427 2973 513 3008 poena
525 2962 563 2998 ob
577 2964 768 3010 cessationem
782 2968 949 3011 solutionis

131 3014 309 3057 quindennii
318 3036 327 3045 .

39 3062 59 3094 8
84 3059 315 3105 ‚Quindennium
323 3056 531 3102 subrogatum
543 3057 611 3101 fuit
621 3060 653 3093 in
666 3060 765 3095 locum
775 3062 926 3100 laudemii
938 3091 947 3101 .

38 3118 60 3150 9
87 3109 169 3139 Idem
183 3103 382 3148 judicandum
394 3106 486 3139 venit
505 3106 540 3138 de
551 3107 754 3151 quindennio,
776 3113 859 3155 quod
877 3114 946 3149 de„

131 3151 285 3185 laudemio
299 3175 308 3185 .

20 3211 61 3234 10
87 3205 134 3232 De
148 3197 303 3287 latffemio
315 3209 371 3232 non
377 3197 479 3239 soluto
493 3200 524 3232 in
536 3207 671 3244 tempore
695 3210 753 3235 non
767 3201 894 3239 debetur
903 3207 950 3241 in-

131 3253 191 3277 tere
219 3255 234 3276 e
244 3266 253 3276 .

14 3307 28 3332 1
39 3306 52 3328 1
82 3289 294 3338 subrogqtum
307 3301 364 3323 non
378 3289 465 3324 debet
476 3289 532 3336 esse
540 3293 672 3337 diveifae
687 3304 807 3332 naturae
830 3297 872 3334 ab
889 3312 923 3336 eo
936 3324 947 3340 ,

126 3338 156 3370 in
169 3346 262 3380 cujus
275 3334 374 3370 locum
383 3336 576 3383 s'ubrogatur
590 3363 600 3374 .

120 1045 226 1082 etiam
249 1045 282 1079 in
294 1042 367 1080 casn
380 1044 521 1079 laudatae
536 1045 634 1077 Bullae
651 1042 791 1078 Paulina:
815 1052 987 1076 inanum,
1028 1054 1030 1057 ·

1827 104 1944 167 281

1091 210 1104 233 1
1114 215 1130 236 2
1157 208 1208 239 Ex
1218 206 1294 238 vita
1304 229 1312 242 ‚
1336 207 1379 240 &¹
1394 206 1509 242 militia
1523 218 1582 241 non
1589 208 1695 250 solut-1
1711 212 1742 246 in
1756 221 1892 259 tempore
1911 229 1968 251 non
1983 221 2034 253 ‹lc-

1209 248 1302 300 bctur
1311 251 1449 297 interesse
1462 278 1471 287 .

1089 306 1126 339 13
1157 299 1313 347 Resicitur
1322 302 1658 344 contrariumseneiens
1670 303 1820 338 Staiban.
1838 306 1880 341 dc
1897 308 2025 343 interes-

1201 347 1230 378 ie
1242 344 1319 397 lib52
1346 346 1434 381 tit-1.
1449 359 1625 394 quon-per
1640 359 1704 383 tot.
1718 354 1750 384 δι’
1768 352 1898 395 Capan.
1913 355 1954 388 dc
1972 357 2033 390 vit.

1203 395 1234 425 δε
1249 392 1345 426 milit.
1357 404 1473 437 qil-32·
1489 408 1580 430 [LZO.
1592 401 1621 429 ἐκ
1639 394 1706 440 seq.

1087 448 1130 480 14
1152 439 1223 473 sota
1239 450 1325 473 mora
1336 449 1424 475 extra
1429 440 1590 485 judicialis
1603 455 1662 478 non
1669 443 1785 488 sufficit
1795 453 1850 491 pro
1864 445 2028 482 obtinendo

1200 485 1337 531 interesse
1351 511 1359 519 .

1087 539 1123 575 ¹5
1153 532 1284 567 Debitor
1294 534 1399 575 census
1410 559 1418 572 ,
1445 538 1541 570 ctiam
1559 536 1621 581 poli
1637 549 1757 573 moram
1772 551 1830 573 non
1846 548 1966 575 tenetur
1988 545 2027 576 mi

1197 580 1335 625 interesse
1350 605 1358 613 .

1086 629 1126 662 16
1150 629 1213 661 Ad
1226 627 1535 669 folutzonemrclevii
1551 633 1945 679 requiriturinterpellatio
1959 659 1966 671 ,
1991 643 2026 668 ut

1196 686 1233 709 ex
1249 675 1304 709 illo
1314 686 1372 708 non
1392 675 1495 717 soluto
1509 679 1539 710 in
1553 686 1687 723 tempore
1699 678 1849 714 debeatur
1864 680 2002 726 interesse
2019 707 2027 715 .

1083 729 1122 759 17
1148 723 1233 755 Inter
1247 723 1405 756 relevium
1421 750 1427 761 ‚
1444 727 1486 758 (φ
1501 726 1722 769 φιὶηάινιηῐιιηι
1736 725 1815 763 adesi
1825 727 1998 769 similitudo
2016 754 2023 762 .

1081 770 1121 799 18
1148 774 1182 801 ln
1197 767 1291 804 dubio
1305 772 1572 812 pronunciandum
1583 780 1639 816 pro
1654 773 1825 815 exclusione
1838 773 1977 818 interesse
1988 801 1996 809 .

1080 824 1121 855 19
1146 819 1172 848 Τ
1174 813 1224 849 dm
1251 828 1290 851 ex
1301 827 1386 851 mora
1399 818 1560 862 regulari,
1583 816 1678 863 qua‘m
1699 821 1870 864 :rregulari
1892 823 2021 858 ‹lehem›-

1192 862 1330 909 interesse
1346 888 1354 897 .
1745 880 1747 883 ·

1072 918 1119 941 20
1144 907 1282 944 Debetur
1292 908 1428 954 interesse
1441 913 1566 946 canonis
1579 913 1610 944 in
1625 921 1757 957 tempore
1772 925 1827 947 non
1836 913 1933 953 soluti
1954 943 1962 950 .

1073 965 1112 988 21
1142 954 1219 990 Ta'm
1233 969 1348 994 canon,
1374 956 1469 1003 qua‘m
1483 960 1704 1004 qnimlennium
1723 960 1866 1002 solvitur
1887 964 1917 994 in
1935 976 2018 999 νισο-

1186 1005 1361 1048 gnitionem
1375 1006 1504 1039 dominii
1519 1029 1527 1037 .

1075 1061 1115 1083 22
1145 1055 1190 1084 De
1204 1052 1273 1084 dote
1285 1062 1342 1090 non
1350 1050 1455 1091 soluta
1466 1053 1497 1085 in
1510 1061 1645 1096 tempore
1656 1051 1784 1087 debetur
1797 1054 1952 1099 interesse.

1071 1106 1111 1136 23
1140 1103 1179 1130 A
1191 1099 1357 1132 Locatione
1365 1099 1406 1132 ad
1421 1098 1649 1143 Empliyteusim
1663 1098 1736 1134 bene
1749 1102 1896 1144 arguitur
1911 1127 1919 1134 .

1073 1153 1117 1186 24
1143 1146 1313 1180 Condubior
1325 1146 1432 1190 predii
1442 1143 1557 1178 urbani
1569 1169 1576 1182 ‚
1588 1145 1662 1186 sive
1673 1146 1777 1187 rustici
1787 1156 1908 1183 tenetur
1919 1153 1958 1185 ad
1968 1152 2015 1187 in-

1187 1191 1289 1236 teresse
1298 1190 1509 1237 pensionis-ileu
1522 1191 1643 1236 affiilus
1654 1204 1711 1227 non
1716 1192 1814 1234 soluti
1823 1196 1854 1228 in
1867 1203 2014 1243 tempore.

1070 1247 1109 1278 25
1140 1244 1186 1271 De
1196 1238 1351 1273 [audentio
1363 1249 1422 1272 non
1428 1235 1530 1280 soluto
1540 1242 1570 1272 in
1581 1248 1716 1286 tempore
1725 1237 1852 1274 debetur
1864 1244 2010 1290 interesse.

1071 1290 1112 1318 26
1140 1284 1185 1320 Ob
1198 1283 1389 1331 cessationem
1403 1287 1581 1330 quindennii
1597 1288 1730 1322 videtur
1743 1286 1839 1333 adesse
1858 1298 1944 1335 poena
1959 1305 2011 1327 ca-

1184 1334 1334 1368 ducitatis
1344 1357 1353 1366 .

1065 1389 1108 1420 27
1134 1385 1172 1415 In
1187 1378 1324 1425 interesse
1343 1378 1446 1415 debito
1458 1378 1555 1424 officio
1564 1379 1699 1426 Judicis
1720 1395 1778 1417 non
1786 1382 1902 1428 sufficit
1918 1398 2008 1423 mora

1180 1428 1370 1472 irregularis
1381 1452 1389 1460 .

1064 1474 1104 1507 28
1131 1473 1274 1520 Interesse
1298 1476 1478 1521 quindennii
1497 1487 1555 1510 non
1571 1476 1667 1519 soluti
1681 1475 1811 1512 debetur
1826 1477 1922 1523 officio
1935 1480 2007 1526 Ju-

1178 1524 1256 1556 dicis
1266 1546 1274 1555 .

1061 1578 1103 1610 29
1130 1569 1363 1615 Qtindennium
1385 1581 1443 1604 non
1457 1567 1585 1605 debetur
1602 1572 1639 1605 de
1652 1569 1720 1616 jure
1733 1595 1742 1610 ‚
1761 1572 1816 1614 sed
1830 1574 1866 1607 de
1879 1575 2004 1615 consue-

1175 1618 1304 1650 tudine.

1062 1672 1104 1704 30
1130 1665 1247 1698 Verius
1258 1662 1307 1703 esi,
1317 1675 1374 1698 non
1387 1662 1489 1698 deberi
1499 1663 1636 1709 interesse
1649 1667 1778 1699 canonis
1792 1679 1850 1700 non
1858 1666 1959 1708 soluti
1967 1694 1975 1702 .

1061 1718 1098 1750 31
1129 1714 1231 1744 Canon
1245 1718 1280 1743 ut
1289 1710 1458 1755 plurimam
1475 1710 1602 1754 consistit
1614 1713 1646 1745 in
1661 1713 1781 1746 modica
1795 1717 1974 1758 quantitate
1990 1741 2000 1750 .

1060 1765 1102 1798 32
1131 1758 1365 1802 Qindennium
1379 1757 1505 1799 consistit
1515 1760 1545 1791 in
1556 1769 1670 1802 magna
1684 1761 1864 1805 quantitate
1878 1785 1887 1794 .

1060 1813 1099 1846 33
1128 1809 1180 1838 Ex
1190 1804 1324 1846 diversis
1334 1816 1392 1838 non
1400 1803 1439 1846 fit
1450 1803 1554 1839 illatio
1565 1829 1574 1838 .

1059 1860 1103 1892 34
1129 1853 1266 1896 speciale
1277 1850 1316 1893 est
1328 1876 1335 1888 ‚
1354 1859 1390 1885 ut
1399 1852 1480 1886 dotis
1492 1863 1549 1884 non
1554 1851 1666 1894 solutae
1679 1851 1823 1887 debeatur
1834 1854 1972 1901 intereffe
1985 1883 1993 1892 .

1058 1907 1097 1938 35
1127 1901 1204 1942 Non
1218 1900 1249 1932 in
1261 1896 1404 1932 omnibus
1418 1899 1531 1933 locatio
1543 1901 1691 1934 convenit
1703 1911 1774 1934 cum
1785 1907 1808 1935 E
1813 1901 1994 1947 mphyteusi.

1060 1947 1102 1986 36
1128 1948 1310 1981 contractus
1328 1944 1491 1980 locationis
1513 1944 1552 1984 est
1569 1946 1712 1989 onerosus
1726 1969 1734 1983 ‚
1759 1948 1812 1981 ille
1831 1948 1909 1983 vero=
1921 1956 1994 1985 Em-

1174 1991 1328 2039 pbyceusis
1338 1994 1506 2037 gratuitus
1515 2015 1523 2024 .

1059 2048 1102 2081 37
1126 2040 1318 2083 Absurdum
1327 2040 1477 2078 videtur,
1502 2051 1542 2074 ex
1555 2043 1711 2075 contraftu
1725 2043 1869 2086 gratuito
1890 2042 1994 2080 deberi

1170 2086 1310 2131 interesse
1321 2111 1331 2120 .

1059 2134 1102 2176 38
1128 2133 1286 2170 Leotard.
1298 2134 1339 2168 de
1351 2132 1435 2167 usur.
1447 2136 1795 2178 qn.89.num.28.cum
1809 2133 1873 2183 seq.
1885 2138 1990 2182 potitis

1173 2191 1263 2219 tenet,
1275 2193 1333 2214 non
1342 2178 1446 2215 deberi
1454 2180 1591 2225 inter-effe
1604 2183 1642 2215 de
1651 2180 1807 2218 [audemia
1820 2195 1878 2218 non
1885 2184 1989 2227 soluto

1165 2231 1198 2264 in
1210 2237 1345 2270 tempore
1353 2251 1361 2260 .

1050 2286 1094 2319 39
1118 2278 1156 2310 In
1167 2275 1350 2310 Cathalom‘a
1364 2285 1421 2308 non
1426 2274 1506 2317 folet
1518 2277 1714 2310 condemnari
1724 2279 1764 2311 ad
1778 2276 1916 2322 interesse
1932 2306 1940 2313 .

1044 2333 1091 2365 40
1116 2326 1211 2357 'Poma
1226 2323 1415 2356 caducitatis
1437 2319 1474 2356 ob
1488 2320 1682 2366 cessationem
1702 2326 1883 2368 quindennii
1906 2326 1986 2361 nihil

1160 2367 1256 2404 habet
1277 2379 1434 2402 commune
1455 2379 1526 2402 cum
1546 2368 1683 2415 intereffe
1703 2372 1883 2414 quindennis·
1901 2384 1984 2409 nom

1159 2416 1256 2457 soluti
1266 2439 1275 2448 .

1046 2475 1087 2506 4¹
1117 2462 1241 2497 Fortitls
1254 2473 1312 2496 non
1327 2461 1364 2503 esi
1374 2461 1462 2497 locus
1475 2461 1610 2508 interesse
1624 2465 1806 2509 quindennis·
1818 2477 1876 2499 non
1885 2466 1984 2508 soluti

1161 2511 1339 2554 intempore
1353 2532 1362 2546 ‚
1373 2508 1402 2552 si
1413 2511 1635 2553 quindennium
1644 2519 1801 2556 receptum
1815 2512 1918 2555 fuerit
1927 2513 1984 2548 ab·

1155 2557 1232 2602 sque
1251 2555 1466 2601 protestatione
1478 2558 1514 2590 de
1524 2559 1696 2602 recipiendo
1715 2559 1811 2592 etiam
1829 2559 1919 2594 illius
1937 2562 1983 2595 in·
2012 2572 2014 2575 ·

1158 2601 1259 2648 teresse
1272 2627 1280 2635 .

1037 2663 1082 2697 42
1108 2658 1171 2686 ‘Per
1183 2651 1383 2694 receptionem
1407 2651 1588 2696 quindennii
1605 2649 1916 2696 remiffumssvidetur
1935 2655 1981 2688 in-

1158 2695 1262 2741 teresse
1275 2721 1284 2729 .

1037 2756 1079 2788 43
1109 2742 1250 2788 Interesse
1263 2742 1400 2778 debitum
1411 2742 1507 2788 officio
1516 2743 1654 2789 Judicis
1668 2770 1677 2783 ‚
1699 2748 1744 2781 &¹
1770 2757 1829 2780 non
1847 2749 1979 2792 petitum

1151 2790 1274 2832 infimul
1286 2802 1357 2824 cum
1363 2789 1388 2831 s
1383 2799 1459 2829 orte,
1471 2790 1608 2836 amplias
1619 2794 1685 2838 peti
1697 2795 1806 2839 nequit
1817 2818 1827 2827 .

1033 2849 1081 2882 44
1104 2836 1226 2872 Fortias
1241 2836 1269 2879 si
1277 2848 1390 2871 manus
1399 2846 1523 2872 mortua
1534 2836 1702 2873 obtinuerit
1710 2848 1850 2884 purgare
1862 2839 1949 2874 mord
1966 2865 1975 2874 .

1031 2897 1072 2928 45
1101 2887 1164 2919 Por
1178 2885 1365 2928 purgatione?
1375 2894 1466 2919 morae
1478 2885 1551 2926 quis
1565 2886 1725 2929 reponitur
1742 2887 1774 2919 in
1783 2885 1947 2930 pristinum
1963 2910 1974 2921 .

1030 2936 1076 2975 46
1103 2932 1333 2978 ‚Quindennium
1344 2930 1383 2970 eli
1394 2933 1545 2965 creditum
1557 2930 1786 2974 insruffliferum
1800 2956 1809 2964 .

1029 2989 1074 3022 47
1101 2979 1197 3024 Qod
1207 2979 1375 3022 producere
1386 2979 1493 3023 nequit
1500 2977 1699 3021 frutiuamfi
1704 2977 1850 3020 servatis
1864 2980 1970 3024 requi·

1142 3024 1212 3068 fitis
1223 3025 1320 3059 ‘Pauli
1331 3025 1367 3058 de
1378 3024 1495 3064 Castro.

1135 3117 1597 3151 CAPITULUM
1643 3115 1749 3150 LVII.

1008 3217 1091 3292 N
1107 3209 1164 3243 On
1182 3208 1306 3262 semper
1319 3208 1455 3244 debitor
1476 3217 1614 3254 paratus
1635 3207 1682 3242 est
1694 3208 1738 3244 ad
1748 3205 1877 3246 solven-

1120 3255 1202 3290 dum
1215 3268 1248 3291 in
1262 3266 1423 3299 tempore,
1437 3253 1491 3289 sed
1503 3254 1690 3300 aliquando
1704 3256 1876 3301 impotens
1901 3271 1917 3296 1

1006 3300 1169 3338 solvendo
1183 3327 1193 3340 ,
1218 3302 1363 3338 induciis
1383 3301 1619 3347 procrastinare
1643 3299 1723 3336 solet
1735 3301 1876 3340 solutio-

1006 3359 1082 3383 nem
1093 3372 1104 3388 ,
1126 3349 1217 3384 unde
1228 3349 1303 3394 post
1313 3346 1486 3385 discuffurn
1496 3348 1530 3383 in
1544 3349 1725 3395 praecedenti
1730 3352 1876 3396 capitulo

1285 3395 1320 3430 N
1331 3407 1354 3430 n
1750 3397 1830 3432 arti-
