2295 3757
287 93 361 133 10

196 194 208 217 1
221 185 261 217 26
285 182 388 218 Pauci
396 180 469 222 funt
483 184 593 219 diri-eti
605 184 750 223 Domini,
774 188 830 231 qui
842 186 909 221 loco
927 187 1059 222 (anonis
1072 197 1141 224 con-

330 237 485 264 tententur
498 231 562 272 solo
576 240 670 266 cantu
687 257 695 269 ,
707 233 765 268 vel
778 234 870 274 cursu
883 258 892 266 .

197 288 208 310 1
221 288 258 315 27
285 276 372 324 Q‘fd
380 275 420 318 sit
436 277 601 323 ,Quintana
615 304 622 317 ‚
632 279 696 314 late
709 280 890 325 explicatur
903 304 912 313 .

195 334 207 357 1
219 325 258 356 28
283 322 418 365 Ecclesia
433 322 507 358 ben&
521 325 662 370 praesiare
670 326 762 371 poteli
774 327 951 369 servitium
969 328 1110 363 indecens
1126 351 1136 368 ‚

330 371 484 404 mediante
493 373 616 416 persona
628 373 772 413 lleculari
788 395 798 408 .

195 426 208 449 1
218 426 259 456 29
284 415 416 456 [celaia
429 429 590 464 utinquam
602 422 734 454 moritur
751 445 760 455 .

194 472 260 505 130
285 463 417 508 Ecclesia
432 464 469 507 esi
482 467 514 499 in
525 469 630 500 anima
642 469 794 502 viventis
809 492 819 508 .
850 479 918 515 qua·
929 468 970 512 esi
982 467 1117 512 chrislus
1127 494 1138 510 ‚

323 514 378 556 qui
389 513 485 546 vivit
499 514 531 546 in
546 522 730 558 perpetuum
741 539 751 548 .

194 564 232 599 ¹3
244 565 256 588 1
286 561 426 645 ,ιε-εἴρια
440 561 524 594 Sedis
535 559 725 606 apostolica
735 574 793 598 non
805 565 932 610 expirat
943 572 1043 600 morte
1052 565 1138 600 'Pon-

330 615 353 638 tl
366 618 424 639 ists
441 630 450 639 ι

196 660 208 682 1
221 660 232 690 3
243 661 259 683 2
285 653 376 686 Sedes
386 652 573 697 Apostolica
585 665 747 701 nunquam
758 660 894 693 moritur
910 683 919 693 .

193 707 255 739 133
284 699 444 733 indultum
457 702 608 736 retinendi
621 703 772 745 Beneficia
787 708 827 740 ad
840 705 1066 751 beneplacitum
1086 710 1139 739 Se-

329 747 378 780 dis
402 746 593 793 Apostolicae
619 760 678 785 non
699 754 823 798 expirat
848 761 948 787 morte
970 750 1137 794 ‘Pontificis

328 793 405 827 illud
419 796 611 830 concedentis
627 820 636 830 .

194 850 260 882 134
286 845 439 885 Legatum
451 843 736 887 ‘1³›incr'pifi13urm
753 845 860 889 transit
874 847 906 879 in
913 843 1112 890 successorem
1125 871 1135 881 .

191 898 203 921 1
213 899 251 931 35
280 893 378 933 Reges
389 887 583 922 hereditario
595 889 684 935 Jure
696 898 803 938 Regna
814 891 975 932 habentes,
987 894 1137 929 dicuntur

326 945 487 980 nunquam
500 938 580 970 mori
594 961 603 970 .

190 984 256 1021 136
282 981 387 1023 Fiscus
401 992 560 1028 nunquam
574 985 708 1019 moritur
724 1010 734 1019 .

193 1037 257 1070 137
283 1030 381 1063 'Pater
392 1029 567 1084 relinquens
580 1030 642 1076 posi
648 1031 680 1074 se
689 1030 776 1074 filios
792 1058 803 1074 ,
827 1036 941 1070 dicitur
951 1033 1038 1080 quasi
1052 1043 1134 1071 non)

327 1088 405 1111 morl
421 1099 431 1109 ο

189 1124 254 1166 138
281 1126 368 1160 Licet
379 1123 516 1158 homines
530 1126 675 1162 decedant
689 1152 698 1166 ,
722 1127 890 1175 exquibus
902 1128 1017 1171 constat
1027 1128 1133 1163 Eccle-

322 1171 390 1215 sia,
415 1171 474 1205 vel
489 1172 576 1206 aliud
595 1172 696 1215 simile
709 1186 821 1220 corpus
837 1188 895 1211 non
917 1177 1109 1220 defetiurum
1121 1198 1129 1213 ³

319 1221 439 1263 semper
452 1226 555 1252 tamen
568 1223 674 1255 eadem
691 1222 825 1266 Ecclesia
841 1247 849 1261 ‚
865 1225 1008 1269 idemque
1020 1230 1132 1267 corpus

324 1265 380 1313 effe
394 1266 734 1303 videtui-,renovatum
747 1271 778 1304 in
790 1269 971 1316 subrogatis
982 1269 1129 1314 personis.

188 1323 254 1356 139
278 1318 364 1351 Idem
375 1311 411 1353 esi
421 1322 502 1357 grex
512 1324 690 1351 renovatus
700 1317 733 1351 in
743 1317 845 1354 locum
860 1320 1001 1365 priorum
1012 1318 1130 1351 demor-

323 1370 451 1398 tuorum
463 1385 472 1394 .

186 1418 198 1442 1
207 1418 251 1450 40
277 1412 394 1446 Eadem
406 1412 527 1442 Domus
539 1409 672 1445 videtur
683 1436 692 1451 ,
720 1412 1012 1457 quaeparticulatIm
1023 1409 1068 1446 ita*
1083 1422 1130 1447 re-

316 1456 401 1501 fec‘ia
415 1453 468 1492 esi,
482 1463 518 1489 ut
529 1456 610 1490 nihil
620 1469 660 1492 ex
673 1458 802 1504 pristina
815 1461 949 1493 materia
955 1458 978 1500 s
975 1457 1086 1504 upersit
1096 1483 1105 1492 .

186 1510 247 1544 141
277 1507 391 1539 Eadem
401 1502 439 1543 esi
452 1504 582 1544 Navis,
593 1503 619 1545 fi
628 1504 700 1540 adeo
708 1505 785 1551 sape
798 1506 911 1549 resecta
925 1505 975 1548 est,
992 1514 1027 1541 ut
1038 1505 1126 1543 nulla

320 1549 434 1585 tabula
446 1559 625 1594 permaneat
634 1576 643 1585 .

186 1604 250 1636 142
276 1600 310 1633 Si
319 1599 393 1640 quis
399 1605 529 1643 putaret
541 1621 549 1635 ‚
572 1596 718 1642 partibus
734 1602 936 1635 commutatis
952 1601 1046 1634 etiam
1059 1611 1125 1634 rem

316 1642 389 1687 fieri
401 1660 414 1677 2
430 1643 628 1690 sequeretur,
647 1644 728 1691 quod
738 1646 858 1692 nosipsi
868 1649 1032 1682 noniidem
1055 1645 1125 1692 effe-

316 1702 389 1724 mus
401 1713 411 1727 ‚
432 1692 488 1737 qui
499 1689 611 1724 abhinc
625 1704 706 1728 anno
717 1693 883 1738 steiJJ'emus
893 1719 902 1728 .

180 1741 243 1777 143
271 1735 370 1782 cujus
383 1739 488 1772 eadem
496 1738 615 1782 species
624 1762 634 1778 ‚
647 1740 802 1784 &forma
824 1741 997 1785 extrinseca
1009 1765 1019 1781 ,
1044 1743 1124 1777 idem

316 1791 418 1819 totum
432 1793 537 1819 manet
551 1808 561 1818 .

181 1836 248 1871 144
273 1833 306 1867 Si
320 1833 395 1877 quis
407 1834 524 1867 mutari
534 1833 704 1869 civitatem
716 1835 852 1876 diceret,
876 1837 984 1882 plures
1003 1847 1043 1872 ex
1058 1848 1122 1871 una

309 1880 431 1922 faceret
443 1903 453 1913 .

267 1925 338 1972 Qi
349 1925 424 1961 olim
437 1935 584 1961 mutuum
595 1930 713 1973 accepit
724 1953 733 1967 ‚
759 1941 836 1965 nunc
851 1942 910 1966 non
923 1929 1022 1971 debet,
1043 1933 1123 1977 quia

315 1973 403 2007 alius
413 1971 539 2019 effeetus
552 1972 591 2015 est
603 1997 612 2012 >
628 1974 723 2019 juxta
738 1978 895 2023 Sophisias
905 2004 913 2012 .

180 2017 246 2058 146
271 2019 338 2065 Qi
349 2020 416 2054 heri
428 2023 469 2054 ad
478 2031 593 2070 ccenam
604 2031 743 2058 vocatus
757 2024 797 2065 esi
810 2051 818 2064 ‚
846 2022 936 2061 hodie
948 2026 1123 2062 invocatus

315 2065 483 2108 censebitur
497 2065 592 2112 Juxta¹
603 2069 720 2110 eosdem
735 2071 891 2118 sophista-s
902 2098 912 2106 .

182 2119 247 2153 147
272 2116 400 2157 Tempus
414 2115 445 2146 in
458 2124 644 2159 unoquoque
654 2116 790 2154 nostrum
811 2131 948 2165 ma1ores
972 2121 1121 2155 mutatio-

315 2171 367 2193 nes
373 2159 476 2202 facere
483 2160 504 2202 s
502 2160 562 2194 olet
573 2184 582 2199 ‚
599 2160 697 2208 qua'm
709 2165 742 2198 in
755 2167 956 2201 Civitatibus
970 2192 980 2200 .

181 2205 246 2245 148
272 2208 390 2241 Eadem
400 2205 437 2246 esi
452 2207 580 2241 civitas
591 2233 600 2246 ‚
624 2209 695 2244 licet
708 2211 806 2247 Cives
820 2223 923 2248 omnes
937 2215 1121 2249 commutati

310 2252 373 2342 ssnt
387 2279 396 2293 ²
409 2255 513 2289 eadem
524 2255 728 2299 Univerfitas
739 2283 748 2298 ,
759 2258 831 2295 licet
841 2268 945 2295 omnes
958 2261 1120 2295 immutati

327 2309 372 2336 tm
384 2325 392 2334 .

178 2355 246 2389 149
270 2351 381 2382 vnum
395 2371 404 2386 ‚
430 2349 474 2384 ψ
496 2348 575 2382 idem
585 2349 717 2384 videtur
736 2349 914 2398 effeflumen
929 2379 937 2392 ‚
959 2358 1118 2402 quamvis

317 2395 382 2429 alia
393 2420 402 2434 ,
429 2403 524 2440 atque
549 2397 614 2431 alia
627 2407 712 2443 aqua
720 2399 839 2445 semper
848 2399 934 2446 fluat
947 2425 957 2440 ,
979 2407 1011 2439 ἃ
1022 2415 1117 2439 num.

317 2440 488 2487 sequenti.

177 2496 248 2526 1ςο
272 2489 479 2535 'Prosequitur
491 2492 595 2525 eadem
607 2492 756 2535 conclusio
768 2518 779 2528 .

179 2545 194 2568 1
204 2544 217 2576 ς
228 2545 242 2568 1
269 2536 434 2579 Refellitur
457 2536 577 2579 insania
590 2540 731 2574 Heraclii
740 2540 924 2588 Philosophi
941 2542 1119 2586 existiman-

315 2584 358 2617 tis
371 2607 380 2620 ‚
395 2593 510 2627 equum
522 2597 580 2620 non
589 2587 710 2632 ingredi
720 2587 770 2621 his
779 2591 907 2624 eundem
915 2588 1064 2636 fluvium
1073 2616 1085 2626 .

180 2638 247 2672 152.
271 2633 340 2664 Lex
352 2628 415 2664 ide&
427 2632 543 2666 dicitur
562 2634 751 2669 immortalis
762 2660 770 2673 ‚
796 2637 871 2682 quia
886 2637 1084 2678 constituitur
1097 2637 1118 2673 a*

314 2677 457 2722 Populo,
479 2678 689 2725 interrogante
703 2684 863 2718 Senatorio
875 2683 1070 2730 magistratu
1085 2710 1095 2721 .

177 2731 240 2766 153
268 2724 412 2768 Populus
425 2735 583 2768 nunquam
593 2728 723 2763 moritur
734 2753 744 2763 .

177 2780 192 2803 1
201 2774 246 2814 5'4
269 2772 408 2809 civitas,
416 2770 473 2814 seu
485 2772 628 2818 ‘Populus
640 2782 844 2820 perpetuatur
855 2786 909 2818 per
915 2776 1121 2826 subrogatio-

313 2828 384 2853 nem
393 2819 593 2864 personarum
605 2820 670 2855 loco
680 2824 912 2860 demortuarum
923 2850 932 2860 .

181 2873 241 2906 155
269 2866 384 2899 Parics
391 2866 513 2911 pariter
522 2873 576 2911 per
580 2865 834 2913 subrogationem
846 2872 977 2908 alterius
987 2875 1121 2922 parietis

317 2920 522 2956 perpetuatur
536 2937 546 2946 .

184 2960 250 2999 156
273 2958 370 3001 Nihil
380 2960 413 2994 in
423 2962 538 2994 mundo
550 2961 645 2995 datu-r
654 2985 664 3001 ,
679 2961 734 3005 nisi
745 2964 885 3003 mortale,
900 2967 1051 3013 nihilque,
1064 2968 1122 3014 nili

315 3012 369 3050 per
379 3004 636 3051 subrogationem
647 3016 831 3054 perpetuum
841 3010 897 3056 esse
908 3014 1002 3058 potest
1014 3039 1024 3049 .

181 3057 246 3091 157
269 3053 429 3088 Eternum
443 3054 560 3088 dicitur
571 3078 580 3092 ,
594 3057 678 3101 quod
681 3056 800 3102 semper
809 3057 874 3098 fuit
884 3082 893 3095 ‚
906 3062 948 3094 Θ*
962 3059 1001 3099 esl
1018 3085 1027 3094 .

161 3114 164 3119 -
178 3098 244 3137 158
271 3100 491 3142 sempiternum
501 3101 626 3140 dicitur,
637 3105 721 3146 quod
731 3103 863 3148 incaepit‚
875 3107 917 3140 (φ
930 3118 987 3140 non
998 3109 1118 3152 desinet.

176 3151 191 3176 1
201 3153 244 3184 59
269 3146 408 3196 Mundus
421 3145 532 3181 habuit
542 3149 734 3194 principium
745 3173 754 3188 ‚
767 3152 810 3186 (9⁹
821 3145 948 3186 ha'bebit
955 3152 1048 3195 finem
1061 3180 1070 3190 .

156 3207 159 3210 -
180 3192 251 3224 160.
271 3191 408 3230 Nomine
420 3193 541 3228 tantum
553 3197 738 3234 evadimus,
753 3205 811 3231 aut
821 3198 953 3232 dicimur
963 3205 1117 3245 perpetui.

177 3240 240 3270 161
267 3237 402 3278 'Natura
413 3240 563 3274 mediante
572 3244 771 3279 matrimonio
783 3247 990 3289 excogitavit
1019 3247 1116 3283 homi-

313 3292 392 3320 mm⁴
401 3284 668 3323 immortalitatem
683 3314 693 3323 .

175 3332 240 3365 162
267 3330 434 3367 Laudatur
448 3330 621 3369 Salomoni-s>
630 3337 746 3372 dietum
758 3337 1036 3384 EcclefiastiQo.
1045 3351 1080 3384 4.

177 1931 238 1965 145

760 69 795 136 J
798 74 1016 136 oannis
1039 75 1247 158 Lopez
1264 72 1344 135 de
1363 73 1568 138 Leone
1584 116 1600 142 ,

1201 188 1263 229 163
1291 188 1506 232 vsusfrut‘lus
1528 185 1669 223 civitati
1695 183 1825 220 renuas
1854 188 1981 233 expirat
1997 186 2061 230 posi
2080 201 2157 226 100»

1342 247 1459 270 annos.

1202 283 1269 323 164
1293 286 1362 317 Lex
1374 279 1468 328 fingit
1482 306 1490 320 ‚
1505 282 1682 317 Civitatem
1697 292 1756 314 non
1771 281 1885 314 durare
1900 282 1987 318 ultrd
2006 296 2081 319 100.
2098 298 2156 321 an-

1343 341 1414 368 nos,
1433 331 1510 375 quia
1526 328 1565 370 esi
1578 331 1726 363 terminus
1735 328 1888 373 longaevae
1897 330 1978 364 vita·
1993 355 2001 364 .

1200 378 1262 419 165
1291 378 1330 411 In
1349 377 1447 420 feudo
1462 375 1686 420 vniversitati
1701 399 1710 413 ‚
1734 377 1776 411 (7⁴
1791 377 2011 411 communitati
2021 377 2153 423 concesso

1336 424 1486 467 jacienda
1500 422 1539 462 cn
1555 424 1728 458 renovatio
1742 420 1937 468 quibuslibet
1948 424 2039 469 centu
2050 428 2153 460 annis.

1202 472 1269 505 166
1293 471 1505 514 Ususfruflns
1517 469 1631 511 finitur
1645 478 1769 504 centum
1783 470 1871 503 annis
1881 468 1968 515 quasi
1978 481 2076 506 morte
2086 498 2094 506 .

1201 528 1213 550 1
1223 521 1266 558 67
1293 520 1327 551 51·
1338 520 1467 552 Civitas
1481 525 1625 551 aratrum
1635 517 1794 562 patiatur,
1804 514 1918 557 finitur
1929 517 2129 561 ususfrul‘lus
2140 546 2151 554 .

1200 578 1213 599 1
1222 564 1266 598 68
1291 570 1354 599 Per
1365 564 1572 598 inductionem
1586 565 1693 598 aratri
1708 565 1841 600 Civitas
1854 562 1959 606 definit
1971 589 1980 603 ‚
2006 567 2049 601 (9·
2062 566 2152 612 quasi

1338 620 1436 645 morte
1449 612 1559 645 interit
1571 634 1580 643 .

1202 659 1269 699 169
1299 657 1367 692 Lex
1390 656 1506 702 fingit,
1535 658 1665 693 interire
1689 659 1874 698 civitates,
1907 657 2039 700 hostium
2058 670 2156 697 manu

1340 706 1471 746 evasas
1484 729 1493 738 .

1199 762 1265 795 170
1291 757 1360 788 Lex
1369 750 1463 796 fingit
1477 758 1607 786 mortem
1623 753 1779 787 Civitatis
1797 750 1860 796 pofl
1881 762 2006 788 centum
2025 766 2126 791 annos
2140 779 2151 795 ‚

1337 807 1374 834 ut
1385 800 1557 842 aliquando
1571 798 1773 841 ususfruCIus
1787 801 2010 846 extinguatur,
2022 804 2065 839 Θ
2079 813 2153 838 con-

1334 846 1486 888 solidetur
1499 856 1569 880 cum
1585 846 1776 890 proprietate
1789 869 1798 878 .

1200 903 1262 938 171
1291 894 1420 929 civitas
1428 891 1492 939 posi
1508 900 1632 927 centum
1646 903 1744 927 annos
1756 894 1891 927 moritur
1903 895 2151 942 tanqua'msenio

1337 941 1475 984 confecia
1488 964 1496 973 .
1629 962 1631 965 v

1198 999 1263 1032 172
1291 990 1420 1024 civitas
1428 987 1494 1030 solo
1510 994 1675 1032 exaquata
1687 1009 1698 1026 ‚
1724 988 1855 1022 Civitas
1866 988 2004 1034 amplius
2022 992 2085 1026 dici
2097 1001 2149 1026 ne-

1335 1037 1408 1078 quit
1422 1058 1431 1068 .
1960 1052 1962 1054 v

1196 1093 1259 1126 173
1288 1089 1390 1118 Homo
1402 1080 1604 1127 praesumitur
1618 1082 1741 1117 vivere
1754 1082 1847 1128 usque
1856 1083 1898 1116 ad
1914 1093 1992 1118 100.
2002 1095 2104 1119 annos
2115 1109 2126 1118 .

1197 1140 1265 1173 174
1290 1131 1429 1165 conditio
1450 1128 1477 1172 fi
1494 1128 1578 1163 ultra*
1590 1136 1714 1164 centum
1729 1141 1828 1164 annos
1838 1131 1967 1164 vixeris
1979 1155 1990 1170 ,
2015 1129 2147 1178 impoffi'·

1332 1175 1407 1211 b1'lis
1420 1182 1591 1219 reputatur
1603 1200 1613 1210 .

1194 1235 1256 1269 175
1286 1224 1379 1266 Falsa
1389 1224 1492 1269 opinio
1504 1222 1752 1265 existimantium
1761 1248 1770 1263 ‚
1786 1224 1942 1260 hominem
1951 1226 2074 1262 vivere
2085 1237 2146 1262 non

1330 1269 1412 1316 poffe
1426 1268 1512 1305 ultra*
1525 1280 1649 1306 centum
1663 1283 1761 1306 annos
1780 1296 1790 1305 .

1193 1322 1260 1363 176
1287 1319 1430 1364 Egyptii
1443 1342 1452 1357 ‚
1476 1320 1519 1353 ά*
1534 1320 1755 1354 ,Alexandrini
1766 1320 1963 1355 crediderunt
1972 1332 2026 1356 cor
2034 1323 2149 1368 augeri

1332 1376 1387 1412 per
1396 1365 1538 1411 singulos
1554 1378 1652 1400 annos
1664 1391 1674 1400 .

1194 1426 1260 1460 177
1286 1413 1453 1457 llisioricis
1467 1413 1670 1456 referentibus
1680 1415 1719 1448 de
1723 1412 1975 1460 superviventia
1986 1416 2147 1451 hominum

1329 1459 1417 1496 ultra*
1441 1469 1564 1495 centum
1575 1472 1673 1496 annos
1685 1461 1885 1505 deferendum
1906 1462 1962 1508 effe
1974 1464 2073 1498 valde
2088 1465 2145 1498 du·
2164 1492 2166 1496 .

1325 1507 1466 1544 bitatur.

1191 1560 1254 1599 178
1281 1558 1406 1604 ,Aliqui
1417 1555 1607 1602 excefferunt
1622 1557 1733 1591 vitam
1745 1565 1869 1591 centum
1882 1569 2036 1592 annorum
2051 1583 2061 1591 .

1189 1617 1253 1649 179
1281 1607 1377 1641 Anni
1391 1604 1597 1640 Hebraeorum
1614 1602 1796 1647 constabant
1807 1606 1970 1639 duodecim
1980 1603 2145 1649 mensibus,

1325 1660 1362 1686 ut
1375 1653 1468 1692 nostri
1481 1677 1490 1685 .

1187 1712 1200 1735 1
1210 1702 1253 1735 80
1279 1700 1403 1745 Moyses
1427 1703 1513 1734 docet
1527 1707 1649 1733 atatem
1669 1699 1858 1746 decrepitam
1881 1697 1938 1746 effe
1962 1699 2137 1735 inidoneam

1324 1749 1365 1782 ad
1376 1759 1425 1793 reg
1431 1750 1543 1782 endum
1552 1747 1715 1793 ‘Populum
1725 1771 1735 1780 .
2111 1748 2114 1750 ’

1189 1797 1249 1831 131
1280 1797 1419 1840 Longior
1445 1797 1522 1829 vita
1545 1796 1653 1829 evenit
1667 1793 1742 1828 olim
1763 1791 1801 1828 ob
1815 1791 1989 1829 bonitatem
2002 1794 2139 1840 comple-

1325 1845 1450 1881 xionis,
1471 1845 1515 1878 &¹
1529 1843 1783 1888 temperamenti.
1944 1857 1947 1862 ,

1187 1891 1251 1926 132
1278 1890 1385 1928 Verba
1404 1887 1607 1931 Genes.6.4.
1623 1897 1786 1933 eruntque
1802 1887 1876 1923 dies
1891 1886 1977 1922 illius
1994 1898 2142 1922 120.an-

1325 1949 1447 1973 norum
1460 1960 1469 1975 ‚
1485 1949 1543 1970 non
1561 1937 1735 1980 respiciunt
1751 1937 1921 1969 terminum
1935 1934 2139 1971 vitaehuma-

1324 1996 1369 2020 nae
1380 2009 1389 2023 ,
1407 1984 1462 2026 sed
1473 1984 1656 2028 poenitentie
1669 2005 1678 2015 .

1185 2033 1248 2075 183
1276 2032 1365 2078 Jam
1383 2039 1518 2074 tempore
1533 2030 1680 2064 navidis
1697 2030 1773 2063 vita
1788 2028 1928 2063 humana
1938 2028 2040 2064 valde
2049 2041 2137 2066 coar-

1321 2081 1406 2113 traca
1422 2077 1508 2119 fuit.

1184 2136 1199 2160 1
1208 2128 1253 2168 84
1277 2127 1343 2160 ‘Per
1351 2130 1535 2159 Potenta-tes
1548 2122 1661 2157 David
1670 2130 1729 2157 mm
1740 2122 1890 2168 intelligit
1907 2124 2004 2158 vIros
2025 2132 2133 2170 poten—

1320 2180 1369 2207 tes
1379 2171 1570 2205 auttoritate
1582 2193 1591 2202 .

1186 2231 1200 2255 1
1209 2221 1247 2262 85
1278 2221 1355 2255 Vita
1367 2226 1531 2262 potentum
1540 2214 1647 2262 potius
1660 2215 1775 2252 brevis
1785 2241 1795 2251 .

1184 2278 1198 2301 1
1206 2268 1250 2301 86
1276 2269 1390 2301 David
1401 2274 1457 2312 per
1466 2267 1651 2299 Potentates
1665 2264 1815 2309 intelligit
1827 2262 1968 2303 robust'os
1976 2289 1986 2300 .

1180 2316 1245 2354 187
1271 2315 1310 2348 In
1322 2318 1427 2349 Graeca
1449 2311 1592 2354 versione
1614 2310 1696 2346 male
1716 2311 1851 2346 habetur
1870 2323 1907 2346 en
1929 2313 2107 2348 dusaeiaeis
2121 2337 2132 2354 ,

1322 2364 1404 2407 quod
1411 2357 1568 2404 fignificat
1580 2359 1612 2392 in
1624 2357 1868 2404 ‘Principatibus
1879 2383 1897 2393 „

1185 2411 1252 2445 188
1276 2411 1417 2455 Equum
1432 2407 1542 2449 visum
1547 2406 1616 2450 fuit
1631 2429 1641 2444 ‚
1656 2413 1692 2440 ut
1704 2407 1930 2441 diminueretur
1940 2407 2019 2442 vita
2032 2431 2041 2447 ‚
2052 2406 2136 2452 ficut

1319 2451 1622 2500 multiplicabantur
1633 2461 1761 2494 peccata
1772 2477 1781 2486 .

1180 2514 1194 2538 1
1203 2504 1247 2546 89
1274 2504 1308 2539 Si
1319 2503 1441 2538 diutius
1454 2503 1610 2536 viverent
1623 2500 1761 2535 homines
1773 2523 1783 2539 ,
1797 2501 1933 2537 mundus
1944 2512 1996 2536 eos
2006 2512 2065 2536 non
2081 2513 2135 2536 ca-

1344 2559 1408 2584 erec
1420 2575 1430 2584 .

1182 2608 1195 2632 1
1204 2608 1249 2639 90
1275 2602 1311 2631 In
1321 2559 1529 2632 {ivitatibus
1539 2597 1685 2631 cedendis
1693 2602 1801 2630 aratro
1812 2593 1898 2629 locus
1913 2593 2133 2636 definiebatur.

1186 2653 1248 2687 191
1274 2643 1365 2680 vrbs
1377 2642 1418 2686 ab
1433 2642 1526 2678 vrbo
1538 2668 1547 2681 ‚
1565 2643 1619 2686 seu
1633 2647 1735 2677 vrvo
1749 2668 1758 2681 ,
1772 2639 1888 2676 urbare
1901 2666 1910 2681 ,
1925 2644 1981 2686 seu
2006 2653 2132 2678 urvare

1318 2691 1360 2734 eft
1370 2699 1477 2726 aratro
1488 2689 1612 2730 definire
1626 2713 1636 2723 .

1180 2747 1247 2781 192
1273 2738 1439 2782 Naturale
1452 2737 1507 2779 esi,
1520 2746 1775 2782 unamquamque
1787 2747 1852 2770 rem
1860 2744 1917 2782 per
1926 2735 1982 2781 eas
1978 2738 2044 2772 dem
2057 2747 2133 2771 cau-

1318 2787 1342 2829 s
1339 2799 1376 2820 as
1387 2784 1517 2830 dissolvi
1529 2809 1538 2823 ,
1548 2792 1605 2829 per
1615 2794 1697 2827 quas
1710 2783 1848 2825 nascitur
1861 2808 1872 2817 .
1939 2814 1941 2817 ,

1186 2842 1200 2865 1
1208 2841 1249 2873 93
1278 2835 1404 2868 Aratri
1414 2832 1552 2866 induetio
1565 2828 1804 2865 inhabitabilem
1815 2831 1916 2865 reddit
1930 2831 2107 2866 Civitatem
2119 2855 2129 2864 .

1183 2889 1251 2921 194
1276 2885 1441 2914 ,aratrum
1454 2889 1538 2912 mors
1552 2878 1708 2912 Civitatis
1725 2875 1780 2922 esse
1790 2878 1908 2911 dicitur
1917 2901 1927 2911 .

1183 2936 1245 2968 195
1274 2926 1437 2972 Templum
1458 2924 1573 2967 Hieros
1569 2925 1775 2970 olymitanum
1788 2924 1862 2958 olim
1876 2925 2024 2966 eversum
2035 2946 2044 2961 2
2060 2935 2132 2958 ara-

1320 2982 1389 3008 tum
1439 2981 1466 3007 it
1478 2996 1488 3005 .

1180 3022 1247 3062 196
1271 2972 1545 3066 Romanifiorfitan
1567 3016 1587 3052 a*
1597 3015 1725 3062 Judaeis
1741 3027 1859 3051 morem
1871 3014 2061 3051 habentibus
2077 3018 2129 3060 sa-

1318 3067 1413 3102 liendi
1423 3064 1529 3100 Urbes
1541 3065 1574 3101 in
1587 3075 1697 3099 earum
1705 3063 1865 3106 everfione
1875 3086 1886 3102 ‚
1910 3066 2052 3098 mutuati
2058 3065 2130 3108 sue-

1316 3122 1391 3148 runt
1404 3114 1527 3147 modum
1535 3111 1700 3146 inducendi
1712 3119 1858 3144 aratrum
1869 3134 1878 3143 .

1180 3171 1246 3203 197
1271 3159 1463 3195 abimelech
1471 3158 1590 3200 salivit
1602 3154 1746 3191 rebellem
1756 3154 1879 3191 Urbem
1890 3159 2012 3193 Sichem
2023 3183 2033 3193 .

1179 3209 1246 3251 198
1272 3206 1444 3252 sophonias
1482 3203 1641 3250 Propheta
1664 3200 1804 3243 hostibus
1835 3205 2020 3251 deprecatur
2044 3205 2129 3241 Salis

1317 3263 1470 3286 acervos.
1605 3283 1608 3287 .

1179 3310 1245 3345 199
1271 3299 1354 3334 Olim
1373 3298 1395 3340 s
1392 3298 1424 3332 al
1444 3294 1673 3342 disseminatum
1683 3297 1751 3341 fuit
1765 3298 1944 3336 Mediolani
1965 3302 2006 3336 ad
2027 3307 2131 3346 perpe·

1318 3355 1409 3381 tuam
1422 3345 1655 3382 damnationem
1669 3369 1681 3380 .

1897 3407 1967 3433 200
1990 3401 2074 3429 ..au-

2251 2463 2254 2534 J
