2295 3757
559 121 659 189 De
675 119 1109 206 Qindenniis
1128 164 1148 196 ,
1163 121 1327 211 Cap.
1342 123 1615 197 CXLII.
1881 156 2019 224 453,

184 241 357 287 aequalitas
379 239 530 278 maxime*
549 240 636 276 inter
649 236 892 275 Ecclesiasticus
905 262 916 273 .

230 289 368 334 Qibus
380 289 500 336 postris
521 288 659 336 pulchra
672 285 818 321 occurrit
831 284 1032 322 Difficultas
1045 308 1056 326 ‚

180 337 263 382 quid
284 338 467 373 dicendum
482 362 494 378 ,
516 337 539 372 li
555 332 741 372 Praebenda:
754 331 917 369 distinam
933 331 1056 372 fuerint

181 383 227 418 ml
244 394 374 429 tempus
386 385 531 424 tantum,
547 383 644 430 quod
655 381 776 428 nempe
788 391 845 426 per
855 380 1059 426 Capitulum

113 439 129 465 ι
139 442 151 465 ι
183 431 316 475 lingulae
340 432 476 479 singulis
497 429 681 467 canonicis
710 428 914 474 confignatae
937 428 1059 463 fuerint

182 490 245 523 pro
258 489 410 525 tempore
431 478 516 515 bene
533 476 603 514 viso
620 476 730 512 eidem
740 476 905 522 Capitulo
919 501 928 515 ,
942 475 1005 514 ita,
1020 483 1060 511 ut

183 537 224 560 eo
238 537 387 571 tempore
397 524 507 572 elapso
521 524 685 561 iterumin
700 535 880 560 commune
895 522 1060 558 reducan-

187 582 252 611 tur,
266 584 307 608 ac
321 572 520 610 indistincta:
533 581 742 611 remaneant,
754 570 880 617 fiatque
893 582 983 605 nova
997 568 1058 606 bo-

184 632 306 655 norum
319 621 442 656 divifio
465 620 496 654 in
508 618 684 654 communi
710 618 756 654 ad
770 618 898 653 tradita
913 628 968 663 per
983 622 1057 653 Mo·

168 669 285 702 -net.de
295 670 416 714 optione
429 669 581 702 Canonica
590 676 766 713 cap-242.
775 667 897 708 n.‘17.in
909 666 1056 711 princip„

184 725 228 749 au
251 713 364 751 saltem
379 714 436 749 tali
451 713 525 749 casu
546 723 699 749 teneatur
711 713 910 761 Capitulum
930 712 1055 747 contri-

185 762 286 797 buere
298 762 344 797 ad
356 761 614 808 quindennium,
628 762 705 796 rum
718 760 889 796 distinctio
904 758 1055 794 Praeben-

184 808 306 844 darum
322 820 390 844 non
404 809 443 844 sit
456 819 625 854 perpetua,
639 807 690 843 sed
704 807 795 844 mere*
808 806 1054 851 temporalis‚&

184 856 323 902 quidem
344 856 504 892 duratura
518 857 563 891 ad
578 855 824 901 beneplacitum
838 855 940 901 ipsius
950 853 1054 899 Capi·

182 902 248 938 tuli
263 928 272 942 ‚
302 904 487 952 singulique
501 903 666 940 canonici
681 903 893 938 Praebendati
909 902 1058 937 habeant

183 949 377 987 dominium
389 950 521 988 suarum
534 950 796 988 Praebendarunr
802 949 982 986 resolubile,
993 947 1059 984 im-

183 999 246 1034 mo
275 999 460 1035 Praebendae
472 1019 474 1022 v
483 1000 558 1045 post
593 1008 719 1034 certum
745 1007 879 1042 tempus
903 995 1058 1031 rediturae

185 1043 253 1080 fin:
264 1046 311 1081 ad
324 1047 521 1093 primaeuum
532 1047 723 1083 dominium
736 1043 881 1088 ejusdem
896 1042 1063 1089 Capituli,

186 1102 231 1128 an
241 1103 354 1129 autem
370 1095 566 1131 eanonicus
585 1094 710 1130 lubens
724 1091 939 1130 Praebeudam
952 1088 1065 1133 hujus·

187 1141 288 1176 modi
310 1141 354 1177 ad
370 1152 502 1190 tempus
525 1142 716 1178 distinetam
728 1165 737 1181 ,
762 1148 913 1176 teneatur
937 1137 1062 1174 solvere

186 1195 300 1223 totum
314 1189 572 1234 quindennium,
584 1189 705 1224 eodem
720 1187 834 1233 paeto,
844 1199 916 1233 quo
928 1195 1062 1222 tenetur

186 1234 384 1272 Canonicus
399 1237 522 1272 habens
538 1234 753 1270 Praebendam
765 1234 929 1282 perpetuo
943 1233 1062 1271 distin-

129 1304 132 1308 *
184 1282 293 1322 dam,
307 1287 340 1318 &
351 1285 567 1322 tutioreumc
576 1282 760 1328 aequiorem
773 1282 864 1317 viam
878 1281 1060 1328 sequendo,

187 1331 404 1376 procederem
415 1330 669 1375 distinguendo,
684 1339 744 1365 aut
756 1328 883 1366 solutio
891 1329 1062 1377 quinden-

188 1376 235 1412 nii
247 1377 341 1412 cadit
351 1403 360 1418 ,
373 1377 558 1424 antequam
571 1375 753 1413 Praebeuda
768 1377 800 1413 in
819 1388 1002 1414 commuue
1016 1388 1066 1414 re-

186 1423 336 1460 ducatur
345 1450 354 1464 ,
370 1425 556 1471 iterumque
574 1423 634 1459 fiat
644 1424 855 1466 indistincta,
870 1435 930 1463 aut
943 1424 1065 1461 solutio

184 1471 382 1518 quindennii
408 1473 502 1508 cadit
513 1471 692 1520 postquam
710 1472 890 1510 Praebenda
911 1474 984 1517 jam
998 1471 1068 1510 iii-³

1230 284 1705 327 CAPITULUM
1753 289 1894 330 CXLII.

1118 382 1149 463 I
1162 380 1198 419 N
1211 385 1400 431 Cap-CXVI
1406 386 1449 421 11.
1461 384 1557 422 sicuti
1568 385 1745 423 firmatum
1757 385 1997 427 fiiit,habcntcs

1168 430 1360 477 Prfbendas
1375 433 1641 479 preceptoriales
1655 436 1703 470 ηὸ
1718 434 1806 481 posse
1823 435 1940 480 pattici
1945 447 2004 482 pa·

1117 487 1152 512 re
1163 477 1206 513 de
1218 478 1418 524 quindennis
1429 480 1551 516 aftivis
1567 492 1630 525 pro
1644 481 1856 529 emphyteusi
1869 492 1996 518 retenta
2022 490 2037 517 r

1122 535 1178 570 per
1194 525 1395 571 Capitulum
1410 553 1419 568 ,
1436 527 1511 563 licet
1522 527 1567 563 ab
1580 527 1670 565 illius
1686 526 1798 565 Mensa
1811 554 1820 568 ‚
1837 527 1888 564 scu
1901 527 2006 565 massa

1115 573 1330 618 processerint
1342 573 1486 620 praefatae
1506 576 1756 615 Praebendae,ita
1770 577 1804 612 in
1815 575 1892 612 casu
1901 575 2001 623 quin-

1117 618 1320 656 denniorum
1342 620 1551 667 passivorum
1567 622 1680 659 modo
1694 622 1848 660 firmatur
1863 650 1873 664 ,
1898 622 1998 669 quod

1118 665 1281 703 habentes
1297 668 1496 704 Praebendas
1510 670 1781 716 Praeceptorialcs
1803 682 1872 706 non
1890 680 2000 706 τοικα-

1117 722 1172 749 tur
1183 714 1398 751 contribuere
1418 717 1462 752 ad
1476 715 1685 762 quindennia
1713 717 1828 756 debita
1844 718 2000 753 Domino

1113 761 1244 798 dirceto
1255 774 1317 807 pro
1329 762 1562 809 emphytheuli
1579 763 1712 808 possessa
1726 775 1781 808 per
1789 765 2002 809 Capitulum,

1113 809 1241 851 &cujus
1257 808 1436 850 lvicnsaJeu
1453 809 1558 846 massa
1573 811 1795 856 processerunt
1807 811 1903 847 diezae
1919 815 2003 848 Prae·

1115 853 1232 891 bendae
1244 881 1254 896 ,
1270 858 1521 892 contrariorum
1538 858 1629 892 enim
1642 858 1733 894 idem
1750 860 1796 893 cst
1809 858 1974 900 judicium
1992 882 2002 898 ,
2030 870 2049 894 2

1117 906 1150 938 &
1163 902 1340 950 disciplina
1355 902 1493 946 Barbosa
1502 909 1647 947 ftxiom.5
1657 913 1689 947 8.
1704 918 1795 940 n.11.
1811 910 1843 940 ὅ(
1857 906 1939 951 quia
1955 904 2003 939 vi-

1116 950 1241 986 dentur
1254 952 1521 996 quodammodo
1532 952 1649 997 potius
1665 952 1856 999 stipendiati
1869 976 1878 992 ,
1892 954 2000 999 quam

1119 996 1163 1035 de
1181 1008 1324 1045 corpore
1339 998 1516 1044 Capituli.

1288 1116 1932 1168 ARGUMENTUM.

1121 1230 1320 1271 canonicus
1340 1234 1376 1270 in
1389 1246 1529 1282 poenam
1547 1236 1659 1273 delicti
1676 1233 1826 1281 privatus
1846 1237 1926 1273 loco
1943 1237 1977 1272 in
1995 1236 2099 1282 Capi-

1156 1283 1253 1321 *tulo‚
1265 1281 1381 1318 adhuc
1392 1293 1523 1320 tenetur
1534 1284 1745 1320 contribuere
1757 1283 1801 1318 ad
1817 1295 1840 1330 q
1848 1283 1880 1319 ui
1885 1283 2029 1320 ndei-‚nia
2040 1283 2100 1319 de-

1165 1328 1240 1365 bita
1253 1341 1308 1375 per
1321 1330 1534 1377 Capitulum,
1545 1332 1704 1370 Domino
1717 1329 1849 1368 directo
1875 1343 1939 1378 pro
1954 1330 2100 1379 emphy-

1171 1378 1256 1417 teusi
1268 1387 1397 1416 retenta
1408 1403 1420 1417 .

1362 1474 1881 1512 SUMMARIUM.

191 1530 375 1554 commuue
396 1521 533 1557 reducta
545 1520 612 1559 est,
635 1519 820 1567 effe&aque
835 1520 898 1556 fuit
912 1519 1067 1557 indistin-
1124 1538 1131 1542 <

184 1568 265 1601 Ra:
285 1566 320 1600 iu
334 1567 446 1612 primo
457 1569 560 1613 igitur
571 1567 645 1602 casu
659 1568 828 1604 crederem
839 1593 848 1608 ,
862 1567 1064 1614 Capitulum

188 1614 236 1650 ad
247 1614 386 1650 nihilum
406 1615 617 1652 contribuere
632 1614 735 1650 teneri
749 1640 760 1656 ,
774 1616 864 1652 cum
882 1614 1064 1652 praebenda

189 1662 270 1696 vere
285 1662 399 1698 adhuc
412 1662 571 1699 distinsta
579 1661 619 1697 fit
628 1686 640 1702 ,
662 1663 773 1709 ficque
788 1664 862 1700 vere*
871 1663 989 1700 eadem
1001 1661 1066 1698 mi·

189 1707 268 1744 litat
279 1710 455 1756 ratio,quae
469 1711 503 1746 in
521 1709 698 1746 Praebenda
711 1713 879 1757 perpetuo
891 1709 1064 1753 distinetzu

191 1754 227 1791 in
247 1756 392 1792 secundo
405 1758 483 1793 vero
501 1757 574 1794 casu
585 1757 756 1793 crederem
768 1781 779 1797 ,
802 1757 1003 1804 Capitulum
1014 1766 1065 1793 te-

191 1804 264 1839 neri
275 1805 320 1839 ad
334 1805 565 1841 contributum
575 1829 586 1846 ,
608 1803 687 1840 cum
699 1805 742 1840 de
757 1815 912 1851 tempore
922 1803 1065 1840 solutio-

191 1851 246 1887 nis
263 1851 463 1899 quindennii
478 1852 657 1890 Praebenda
669 1854 740 1896 jam
753 1864 823 1887 non
839 1852 1005 1897 reperitur
1012 1850 1067 1887 di-

191 1898 312 1936 stincta
325 1924 335 1940 ‚
347 1897 403 1935 sed
415 1900 537 1936 iterum
550 1912 585 1937 ut
595 1901 752 1949 perantea'
765 1898 885 1944 iixcipit
897 1899 968 1935 fieri
979 1898 1068 1934 indi·

191 1945 310 1982 stincta
323 1971 333 1986 ,
348 1950 381 1981 δι
393 1948 538 1993 priorem
550 1958 703 1986 naturam
716 1946 910 1982 reassumere
920 1970 930 1986 ,
956 1945 1066 1992 sicque

190 1993 346 2037 jamnon
361 1994 488 2030 militat
500 1996 598 2036 ratio,
610 2006 683 2043 quae
694 1994 867 2028 militatin
883 1993 1067 2029 Praebenda

193 2039 362 2079 distinam
376 2043 454 2076 cum
467 2041 672 2089 quindennia
686 2053 754 2076 non
765 2050 912 2080 currant,
927 2037 980 2076 seu
992 2050 1066 2076 ma-

191 2095 347 2122 turentut
356 2087 488 2129 dietim,
504 2101 564 2126 nec
576 2091 638 2126 fint
649 2087 775 2124 fruetus
787 2088 912 2127 civiles,
926 2087 985 2134 qui
995 2087 1064 2123 die·

192 2133 258 2168 tim
271 2143 484 2171 maturantur
493 2161 504 2176 ,
518 2135 573 2173 sed
591 2138 654 2173 lint
665 2137 894 2172 emolumenta
905 2133 1065 2180 subroga-

189 2189 231 2217 ta
251 2180 286 2215 in
307 2181 420 2217 locum
442 2184 605 2220 laudemii
619 2197 630 2225 ;
655 2182 747 2218 unde*
770 2182 1065 2231 quemadmodum

192 2227 400 2263 laudemium
413 2230 463 2266 est
476 2234 648 2268 eventuale
659 2254 671 2271 ‚
695 2232 840 2276 quando
851 2230 973 2270 scilicet
986 2240 1066 2265 cou-

194 2274 300 2319 tiugit
310 2299 320 2314 ‚
335 2277 593 2326 Emphyteufim
603 2277 742 2315 alienari
752 2303 763 2319 ,
784 2278 834 2316 ita
845 2289 979 2330 quoque
989 2287 1067 2313 ean-

193 2321 274 2356 dem
287 2332 442 2359 naturam
454 2326 592 2362 retinere
604 2325 703 2363 debet
713 2326 963 2372 quindennium
971 2337 1011 2363 ex
1019 2335 1067 2360 re·

194 2372 280 2423 gula
288 2367 591 2416 subrogationis‚ut
603 2385 672 2409 non
686 2373 920 2411 confidere-tur
929 2370 1068 2413 diessed

196 2426 233 2449 m
253 2417 434 2469 quodlibet
444 2426 581 2466 ternpus
599 2419 795 2467 quindecim
810 2431 980 2458 annorum
991 2419 1068 2463 ,ι’ῑᾶὶ»

197 2472 237 2497 ut
259 2473 329 2507 non
339 2473 442 2499 intret
452 2467 570 2511 regula
582 2491 594 2507 ‚
621 2467 718 2515 quod
731 2467 850 2503 saltem
877 2469 1069 2508 canonicus

197 2518 352 2544 teneatur
364 2512 575 2548 contribuere
585 2524 648 2562 pr.)
658 2523 822 2560 tempore,
838 2525 911 2560 quo
923 2517 1069 2553 Praeben-

199 2555 247 2590 da
257 2557 598 2612 remansit·distin&a,
608 2561 718 2607 sicque
734 2572 798 2607 pro
807 2561 863 2597 illa
873 2572 958 2603 rata,
972 2571 1072 2611 prout

195 2604 405 2648 practicatur
417 2616 451 2639 in
463 2604 627 2645 fructibus
639 2607 795 2644 civilibus
807 2633 816 2648 ,
837 2608 897 2653 qui
920 2609 1072 2645 dietim..-

196 2660 358 2704 currunt,
382 2654 416 2686 &
436 2662 668 2701 maturantur,
692 2655 902 2703 proindeque
922 2666 1074 2705 prorata

198 2705 362 2744 temporis
374 2697 538 2737 debentut
551 2725 562 2737 .

270 2817 908 2874 ARGUMENTUM.

102 2928 277 2989 Habentes
297 2935 495 2973 Praebeudas
519 2939 791 2983 Praeceptoriales
820 2951 889 2978 non
921 2949 1078 2982 tenentur

152 2982 362 3019 contribuere
387 2984 433 3020 ad
446 2984 656 3029 quindennia
678 2987 796 3023 debita
809 2988 967 3024 Domino
991 2990 1080 3027 dite-

151 3028 210 3079 ᾅο
221 3040 282 3072 pro
292 3030 504 3076 emphyteusi
516 3032 652 3079 possessa
667 3045 726 3080 per
737 3035 938 3080 Capitulum
951 3060 960 3075 ,
986 3037 1007 3071 a
1021 3049 1077 3074 cu-

155 3084 208 3117 Jus
217 3075 341 3118 Mensa,
353 3077 406 3113 seu
420 3078 524 3116 maffa
534 3080 759 3127 procelleruut
771 3079 871 3117 dic'tae
880 3082 1075 3132 Praebende.

341 3174 363 3208 S
387 3173 423 3208 U
446 3176 485 3210 M
510 3177 547 3212 M
572 3177 605 3211 A
631 3177 665 3214 R
689 3177 706 3210 Ι
730 3176 768 3211 U
789 3177 828 3213 M
845 3200 859 3212 .

159 3273 176 3300 1
201 3245 363 3300 Habentes
381 3268 574 3306 'Praebendas
583 3270 842 3323 Praeceproriales
863 3283 924 3310 non
947 3273 1080 3322 partici-

248 3318 327 3354 pant
345 3315 382 3347 de
395 3318 595 3360 quindenniis
606 3343 617 3353 .

154 3368 178 3394 2
205 3360 438 3399 Contrariorum
449 3365 531 3410 idem
539 3364 580 3409 est
592 3364 749 3413 judicium
759 3389 771 3413 ο,

1173 1577 1193 1605 1
1221 1572 1396 1608 canonicus
1419 1573 1575 1619 privatus
1588 1569 1654 1606 loco
1679 1570 1714 1605 ἐκ
1727 1568 1884 1616 capitula,
1900 1579 1960 1605 non
1970 1569 2102 1615 partici-

1127 1642 1131 1644 -
1267 1627 1324 1663 pat
1337 1621 1373 1654 de
1384 1619 1583 1666 quindenniis
1592 1641 1602 1652 .

1128 1685 1130 1687 ·
1170 1674 1193 1701 2
1218 1668 1386 1702 Privatus
1407 1666 1473 1702 loco
1500 1664 1646 1714 capitulo
1667 1688 1679 1706 ,
1703 1675 1764 1701 non
1788 1671 1926 1701 remanet
1947 1664 2105 1710 privatus

1267 1716 1372 1762 quoad
1385 1725 1480 1750 onera
1492 1739 1503 1749 .

1173 1769 1191 1804 3
1217 1766 1306 1798 onus
1320 1763 1448 1797 dotanda·
1462 1760 1613 1803 descendit
1625 1757 1646 1795 a*
1657 1761 1764 1806 patria
1778 1755 1927 1806 potestate
1939 1781 1950 1792 .

1169 1816 1196 1850 4
1218 1816 1319 1846 ‘Pater
1329 1818 1485 1856 exponens
1494 1806 1605 1850 filiam,
1618 1809 1738 1842 amittit
1749 1808 1890 1853 patriam
1896 1803 2100 1852 potestatem&

1182 1867 1198 1901 ς
1228 1857 1349 1892 Filium
1361 1866 1520 1904 exponens
1531 1880 1540 1895 ‚
1555 1857 1689 1890 videtur
1699 1854 1791 1889 illum
1804 1864 1913 1889 necare
1925 1877 1936 1887 .

1174 1908 1197 1942 6
1223 1905 1325 1941 'Pater
1332 1903 1437 1948 filiam
1448 1914 1617 1951 exponens,
1630 1901 1732 1937 adhuc
1745 1901 1834 1937 illam
1847 1907 1970 1936 tenetur
1981 1899 2103 1937 dotare.

1173 1963 1197 1994 7
1223 1957 1330 1989 'Prout
1340 1951 1442 1988 adhuc
1454 1953 1537 1986 alere
1544 1949 1649 1994 filium
1658 1956 1782 1984 tenetur
1795 1973 1806 1984 .

1120 2010 1123 2013 ·
1175 2000 1198 2037 8
1224 2000 1352 2035 Banniti
1386 2000 1521 2046 perdunt
1547 1996 1622 2043 jura
1641 1997 1800 2031 civitatis
1842 1995 1948 2042 quoad
1970 2005 2106 2034 commeo.

1267 2048 1344 2082 dum
1356 2071 1366 2086 ‚
1379 2057 1439 2082 non
1449 2041 1530 2080 verb
1543 2044 1648 2090 quoad
1661 2054 1739 2077 onus
1753 2067 1764 2078 .

1122 2106 1127 2115 2
1169 2104 1195 2138 9
1218 2094 1315 2134 vnde*
1327 2106 1386 2131 non
1400 2091 1578 2129 liberantur
1589 2090 1610 2126 d
1620 2089 1759 2126 colleais
1773 2113 1784 2130 ,
1800 2091 1844 2126 ό·
1854 2086 1991 2138 publicis
2004 2088 2105 2129 oneri!

1219 2164 1227 2169 -
1266 2139 1328 2176 bus
1339 2166 1349 2176 .

1148 2196 1194 2228 ιο
1220 2187 1358 2234 Nobilis
1391 2195 1519 2235 propter
1547 2184 1698 2220 deliteam
1729 2182 1896 2220 nobilitate
1924 2185 2106 2230 privatus-3

1266 2234 1368 2271 adhuc
1381 2243 1504 2270 tenetur
1516 2234 1558 2269 ad
1570 2244 1661 2268 onera
1672 2255 1684 2271 ,
1710 2233 1755 2269 Θ·
1767 2231 1914 2269 εοΙΙεὲἳας
1926 2254 1938 2271 ,
1967 2232 2008 2267 ad
2022 2242 2105 2279 quas

1263 2291 1408 2318 tenentur
1416 2280 1536 2318 nobiles
1543 2305 1553 2315 .

1149 2342 1164 2369 z
1174 2342 1190 2369 1
1218 2331 1395 2366 Canonicus
1404 2331 1558 2374 privatus
1569 2326 1636 2362 loco
1649 2327 1681 2362 in
1697 2326 1914 2374 capitulo‚n0n
1926 2326 2108 2373 participa&

1266 2379 1304 2412 de
1316 2376 1514 2424 quindenniis
1527 2399 1539 2409 .
1955 2411 1958 2413 μ

1150 2437 1167 2464 1
1175 2438 1195 2462 2
1218 2427 1299 2470 ‘Non
1308 2421 1397 2459 debet
1410 2424 1484 2470 qm's
1495 2432 1537 2458 ex
1547 2423 1675 2469 proprio
1686 2421 1798 2458 deltae
1808 2422 1983 2458 vitiorium
1995 2428 2105 2467 repor-

1269 2479 1338 2506 tare
1348 2494 1358 2505 .

1155 2533 1171 2559 1
1181 2532 1197 2565 3
1223 2520 1391 2555 Privatus
1399 2517 1466 2553 loco
1475 2518 1509 2552 in
1519 2517 1665 2563 capitulo
1677 2540 1688 2558 ‚
1703 2528 1762 2553 non
1776 2514 1818 2559 est
1828 2516 1987 2565 privatus
1997 2515 2107 2563 quoad

1272 2576 1367 2602 onera
1380 2589 1391 2600 .

1162 2625 1207 2660 ¹4
1229 2620 1327 2651 Poena
1338 2624 1399 2648 non
1410 2610 1500 2648 debet
1509 2610 1573 2656 esse
1583 2611 1678 2656 causa
1690 2613 1813 2659 praemii
1826 2635 1839 2648 .

1232 2707 1704 2745 CAPITULUM
1759 2707 1918 2744 CXLIII.

1137 2803 1298 2886 CUm
1319 2802 1355 2840 in
1377 2802 1873 2852 Cap.CXXVII.n.12.·dictum
1890 2797 2012 2838 fueriti

1240 2850 1456 2887 Canonicum
1477 2850 1649 2898 privatum
1683 2852 1763 2887 loco
1786 2849 1821 2885 iu
1847 2847 2012 2900 Capitulo

1138 2911 1208 2936 non
1218 2898 1419 2945 participare
1432 2899 1477 2935 de
1486 2897 1710 2946 quindenniis
1722 2896 1840 2932 aet-uvis
1850 2920 1861 2936 ,
1875 2894 2010 2949 ‚debitia
2038 2903 2062 2930 t

1137 2946 1294 2984 videlicet
1305 2945 1466 2992 Capitulo
1487 2946 1667 2992 tamquam
1681 2943 1836 2980 Domino
1848 2941 1977 2977 direeto
1990 2949 2013 2975 a

1138 3005 1243 3031 manu
1261 3004 1399 3030 mortua
1411 3005 1475 3041 pro
1484 2991 1692 3041 emphyteusi
1707 3003 1766 3038 per
1778 2989 1920 3042 eandem
1939 2982 2014 3039 pos-

1137 3041 1216 3079 {essa
1226 3066 1236 3081 ³
1259 3041 1368 3079 modo
1379 3041 1487 3077 intrat
1499 3038 1732 3084 aliainspeffio
1743 3034 2015 3085 deiquindeunns

1137 3087 1275 3137 paffivis
1286 3113 1297 3128 ,
1311 3092 1344 3123 &
1358 3087 1512 3125 firmatur
1524 3087 1558 3121 in
1571 3083 1731 3131 praesenti,
1744 3083 1841 3135 quod
1858 3082 2014 3134 Canoni-

1139 3135 1245 3172 cusin
1256 3146 1395 3180 poenam
1406 3133 1521 3170 defleti
1532 3156 1543 3172 ,
1566 3133 1717 3178 privatus
1731 3131 1809 3164 loco
1819 3126 2013 3182 m·Cap1tu-

1141 3186 1202 3222 lo,
1224 3183 1337 3218 adhuc
1357 3191 1488 3217 tenetur
1501 3178 1714 3215 contribuere
1733 3175 1779 3211 ad
1802 3174 2012 3220 quindennia

1141 3230 1259 3265 debita
1272 3240 1328 3273 per
1342 3227 1540 3273 Capitulum
1559 3223 1715 3259 Domino
1728 3222 1860 3260 direao
1871 3231 1934 3266 pro
1943 3230 2014 3255 em-

1138 3275 1294 3322 phyteufi
1320 3283 1449 3310 retenta
1471 3297 1482 3312 ,
1508 3270 1739 3307 consideratur
1761 3269 1849 3306 enim
1874 3276 2013 3312 propter

1136 3322 1262 3357 odium
1275 3320 1387 3356 deliffl
1397 3321 1464 3355 hoc
1476 3317 1552 3355 casu
1561 3328 1601 3354 ut
1609 3316 1741 3354 diversa
1756 3313 1907 3362 persona,
1923 3323 2011 3361 quo-

1138 3368 1186 3404 ad
1199 3367 1298 3404 utilia
1315 3367 1472 3403 videlicet
1483 3376 1571 3405 una,
1589 3369 1624 3402 &
1644 3364 1763 3412 quoad
1775 3361 1914 3399 onerosa
1925 3387 1934 3401 ,
1957 3359 2013 3395 seu

1139 3413 1308 3456 damnosa
1319 3438 1331 3457 ‚
1343 3413 1423 3457 alian
1436 3415 1510 3461 ita,
1523 3422 1563 3453 ut
1580 3412 1825 3459 privatusrnon
1839 3416 2013 3492 remgcngat
2038 3412 2067 3447 ι’,
