2295 3757
313 134 391 193 62
798 126 1050 195 Joannis
1079 122 1295 209 Lopez
1326 122 1407 188 de
1426 126 1639 193 Leone

455 287 923 325 CAPI'l'ULUM
973 286 1042 320 IX.

408 385 464 420 On
479 384 590 420 minos
605 379 790 426 singularis,
803 378 914 420 utiusss
929 388 970 413 ac
982 378 1185 425 practicabi-

308 395 392 472 N
423 432 523 478 lislcst
539 428 674 476 przrsens
689 427 984 471 Articulus,quam
995 427 1185 472 praecedens

308 480 344 516 in
359 479 515 526 superiori
531 476 641 522 Capit.
660 474 892 512 examinatus,
922 474 1030 510 immo
1045 485 1186 522 uterque

307 525 581 565 fimillimus‚c1‘nn
597 522 669 556 tam
682 521 854 567 ille,qu:im
870 521 928 557 iste
939 521 1080 558 versetur
1093 522 1185 559 circa

306 575 442 611 titulum
454 570 662 608 lucrativunn
678 568 744 603 hoc
755 568 890 605 tantum
903 568 988 604 inter
1004 573 1131 613 unnmf‚
1151 573 1185 604 &

302 623 407 659 alium
418 616 640 655 intercedente
651 613 858 657 discrimine,
880 616 978 663 quod
991 616 1183 664 illesspraffi·

305 671 372 705 cari
387 665 487 714 potiit
501 665 586 700 inter
600 663 697 699 vivos
716 687 725 702 ‚
751 663 835 699 dum
847 664 888 699 de
899 665 1088 699 donatione
1103 667 1183 699 Em-

299 714 468 761 plwtculis
479 711 608 757 agitur,
628 713 661 745 δι
675 710 735 747 iste
751 710 849 747 causa
863 711 986 746 mortis
997 736 1006 750 ‚
1028 712 1113 746 acin
1125 712 1173 746 ul-

298 755 389 799 timis
404 758 648 797 voluntatibus,
662 758 747 794 dum
759 758 923 803 delegato
936 757 1173 805 Emphyteufis

296 811 407 853 agitur
421 833 430 847 ‚
447 805 590 854 saneque
602 805 660 841 iste
674 804 784 850 magis
796 804 1023 848 practicabilis
1039 806 1104 844 est,
1122 806 1172 840 vel

295 849 354 893 esl'e
367 854 475 903 potest
490 879 500 895 ,
519 853 625 900 quam
640 852 689 888 ille
705 878 713 891 ,
727 863 766 886 ex
779 862 821 885 eo
832 876 842 890 ‚
857 852 953 897 quod
969 849 1176 895 facilius-ho-

256 910 269 937 ι
296 903 404 940 mines
415 901 459 937 ad
473 899 668 947 legandum,
680 900 785 944 quam
801 898 846 933 ad
861 898 1063 934 donandum
1075 899 1174 946 proni

295 950 369 988 sunt
383 975 392 990 ‚
407 951 535 995 degant
550 947 639 982 enim
650 945 745 992 qnod
760 945 908 991 amplius
922 945 1091 993 poffidcre
1106 958 1174 982 non

297 1000 429 1045 poliunt
442 1004 506 1036 §.h
517 997 549 1030 in
556 993 620 1037 fine
630 994 729 1036 instit.
740 994 776 1028 de
788 993 946 1029 donation.
973 994 995 1029 l.
1004 1007 1031 1029 1.
1046 995 1071 1029 l.
1083 999 1178 1030 Sena-

296 1055 350 1082 tus
367 1054 420 1088 35.
432 1044 521 1083 §.Sed
533 1043 644 1077 mortis
654 1041 748 1084 causa
765 1038 870 1086 effide
884 1041 1068 1082 inarmans.
1080 1043 1178 1078 dona-

294 1094 371 1128 tion.
392 1090 496 1126 Unde
506 1088 577 1125 cito
592 1099 645 1123 me
659 1087 837 1133 expediam
851 1112 861 1127 ,
872 1088 976 1130 'quali
996 1100 1036 1124 ex
1050 1100 1116 1125 una
1129 1098 1178 1123 re-

295 1138 463 1176 solutione
484 1162 494 1178 ,
529 1134 650 1182 nempe
673 1134 837 1180 praeterita
867 1132 978 1170 inferri
1003 1135 1106 1181 poffit
1129 1134 1176 1171 ad

297 1185 401 1222 aliam
415 1210 425 1224 ‚
439 1182 559 1230 nempe
571 1181 773 1229 praesentem,
786 1182 820 1217 in
832 1193 898 1228 qua
911 1182 1062 1222 habetur,
1075 1182 1173 1229 ‘quod

293 1243 415 1269 manus
431 1242 568 1267 mortua
592 1229 757 1274 legatoria
779 1229 824 1265 rei
838 1229 1105 1276 Empbyteuticae
1122 1241 1173 1266 re-

297 1280 453 1327 gulariter
476 1287 625 1314 teneatur
652 1277 698 1312 ad
722 1275 921 1312 solutionem
945 1277 1174 1323 quindennio-

251 1338 271 1361 2
296 1339 370 1364 rum
385 1352 394 1366 ,
414 1325 508 1362 sicuti
523 1333 687 1360 teneretur
700 1324 744 1359 ad
758 1322 960 1359 solutionem
983 1325 1173 1361 laudemio-

300 1386 389 1413 rum,
402 1375 479 1409 cum
494 1375 644 1418 legatum
660 1370 871 1409 alienationis
883 1372 984 1408 verbo
995 1373 1172 1409 continea-

297 1430 352 1457 tur
368 1447 376 1462 ,
400 1421 535 1466 Bia-gius
547 1421 583 1454 de
593 1419 725 1455 laudem.
735 1428 843 1465 par-2.
856 1420 1040 1465 inspecti-48.
1051 1431 1172 1463 num.5.

296 1479 366 1504 cum
377 1468 462 1515 seqq.
484 1465 539 1501 ubi
552 1468 583 1500 in
597 1467 694 1500 addit.
709 1477 795 1500 num.
813 1477 868 1510 14.
891 1466 976 1502 circa*
988 1467 1045 1510 fin.
1057 1468 1173 1512 versic.

295 1527 416 1558 num.5.
432 1514 556 1557 Solsona
571 1514 730 1547 cotidiaci,
744 1524 833 1559 qua.
847 1516 979 1562 princip.
992 1527 1058 1550 για.
1072 1514 1173 1551 Faber

295 1566 332 1599 de
341 1561 471 1598 errorib.
490 1562 808 1607 Pragmatic.tom.2.
823 1562 930 1596 decad.
951 1573 1026 1596 100.
1037 1574 1173 1606 error-3.

289 1619 347 1657 per
359 1618 416 1645 tot.
441 1609 566 1652 Fulgin.
583 1609 618 1642 de
632 1607 718 1653 Jur.
731 1608 882 1654 Empbyt.
909 1610 962 1642 tit.
988 1610 1024 1643 de
1034 1609 1171 1645 laudem.

292 1669 365 1706 qia-1
374 1657 562 1699 92num.1.in
569 1653 641 1695 fine,
654 1655 690 1689 de
704 1655 931 1697 Frank-decis.
943 1657 1172 1702 ’Νεκροί-ποι.

292 1705 416 1739 nu.2.in
423 1704 557 1749 princip.
571 1699 627 1736 ubi
639 1703 676 1736 de
687 1707 776 1737 Luca
787 1702 988 1746 Melphibten.
1001 1704 1032 1737 in
1045 1701 1172 1746 observ.

246 1760 263 1793 3
291 1762 412 1792 num.5.
424 1753 493 1793 jure
509 1748 647 1796 quidem
664 1747 789 1783 merito
800 1772 809 1787 ,
828 1751 905 1782 cum
922 1749 1074 1793 legatum
1087 1763 1172 1797 quo-

289 1809 354 1845 que
369 1798 388 1831 ἐι
401 1797 471 1843 pari
486 1795 579 1843 passu
592 1794 740 1830 ambulet
755 1805 832 1830 cum
842 1793 1048 1836 donatione,
1065 1798 1172 1844 fitque

299 1844 459 1891 quaedam
474 1842 618 1879 donatio
632 1841 652 1876 a
666 1839 823 1877 defuneto
837 1839 952 1876 relicta
963 1865 972 1880 ‚
988 1841 1030 1877 ab
1044 1843 1172 1881 haerede

291 1890 481 1937 praestanda
498 1899 565 1929 §.1.
577 1888 766 1932 Institution·
782 1890 819 1924 de
830 1888 960 1933 Legatis
974 1913 983 1922 .

341 1939 462 1984 Neque
475 1937 607 1972 obstare
619 1936 741 1980 potest,
762 1935 860 1980 quod
875 1935 968 1970 sicuti
986 1946 1026 1971 ex
1035 1937 1057 1972 l.
1067 1936 1124 1980 fin.
1139 1942 1173 1973 c.

243 1993 267 2031 4
290 1986 326 2021 de
345 1982 435 2031 Jure
461 1984 651 2031 emphyteut.
677 1981 810 2016 videtur
835 1982 1080 2026 compraehensa
1104 1984 1174 2021 sola

295 2031 474 2068 translatio
495 2029 733 2076 Emphyteufis
746 2029 830 2064 inter
842 2028 939 2064 vivos
949 2056 958 2070 ,
972 2034 1005 2065 ὃ(
1017 2043 1072 2075 pet
1082 2032 1174 2068 viam

290 2077 391 2114 causae
406 2078 537 2113 tantum
550 2074 693 2112 onerosae
706 2100 715 2115 ,
734 2076 845 2121 qualis
857 2075 903 2111 est
923 2078 1105 2119 alienatio,
1127 2079 1173 2115 ad

290 2124 447 2160 affectum
472 2122 617 2159 solvendi
631 2122 836 2157 laudemium
860 2149 869 2163 ,
895 2122 945 2158 ita
967 2135 1171 2170 argumento

290 2170 432 2214 ejusdem
456 2172 516 2216 leg.
532 2170 697 2206 videretur
722 2171 742 2205 a
766 2170 940 2205 contrario
960 2171 1048 2207 sensu
1069 2184 1170 2209 nona

288 2218 526 2260 comprehenla
540 2242 549 2256 ‚
566 2216 620 2252 sed
637 2216 749 2261 potius
762 2215 893 2252 exclusa
907 2219 1087 2256 translatio
1101 2232 1171 2256 em-

292 2264 462 2312 phyteusis
477 2277 516 2298 ex
537 2263 633 2298 cansa
655 2265 774 2299 mortis
788 2290 797 2304 ‚
825 2268 859 2299 ὃ(
882 2276 940 2310 pet
966 2263 1057 2301 viam
1071 2267 1174 2302 causae

292 2314 427 2348 tantum
443 2311 612 2346 lucrativa:
627 2338 635 2349 ,
660 2310 770 2355 qualis
788 2311 835 2346 est
848 2313 996 2356 legatum
1010 2338 1020 2352 ,
1040 2314 1115 2349 tam
1127 2315 1173 2350 ad

291 2359 444 2394 effictum
470 2356 619 2392 solvendi
632 2357 859 2397 ialldemium‚
888 2360 992 2404 quam
1006 2361 1173 2407 quinden-

247 2420 263 2455 ς
293 2409 386 2441 nium
400 2430 409 2444 ,
422 2405 501 2452 quia
516 2404 591 2439 cum
606 2403 638 2438 in
652 2406 710 2439 dic.
721 2403 806 2446 l.fin.
817 2404 974 2448 verficulo
986 2411 1028 2444 Θ*
1040 2408 1076 2443 ne
1086 2421 1171 2444 ava-

295 2456 339 2489 rit
347 2455 377 2487 ia
392 2452 452 2487 fiat
467 2452 596 2487 mentio
609 2452 680 2485 tam
692 2451 914 2497 pretii,quam
927 2454 1169 2495 aeslimationis,

293 2500 437 2546 pretium
449 2498 619 2534 concernit
631 2497 926 2538 venditionem,vel
939 2502 1041 2539 alium
1054 2514 1171 2548 quem-

245 2554 269 2589 6
293 2558 437 2593 cumque
452 2547 664 2581 contradam]
689 2545 868 2581 habentem
892 2547 1030 2585 titulum
1048 2561 1170 2586 onero-

291 2596 360 2633 sum
373 2620 383 2636 ‚
415 2593 591 2629 aestimatio
615 2603 730 2627 autern
751 2593 879 2638 respicit
901 2596 1052 2641 legatum
1074 2620 1084 2635 ,
1110 2598 1159 2632 vel

290 2643 394 2680 aliam
416 2651 666 2686 quamcumque
692 2642 763 2674 ta'm
778 2640 865 2676 inter
880 2641 994 2683 vivos,
1018 2643 1159 2689 quam„

293 2691 388 2727 causa
403 2687 523 2722 mortis
541 2686 795 2722 translationem
816 2687 993 2725 habentem
1019 2692 1155 2726 titulum

287 2736 487 2778 lucrarivum
503 2759 513 2772 ,
536 2742 571 2768 ut
591 2734 675 2769 bene
687 2734 832 2778 explicat
855 2737 1021 2782 Fulgin&
1030 2737 1155 2785 Jure)

288 2785 481 2832 ernphyteut.
489 2783 579 2816 tit-de
590 2782 724 2816 laudem.
734 2793 847 2828 qu·19.
859 2795 925 2819 n.2.
940 2786 971 2819 in
984 2786 1136 2833 principio
1145 2811 1155 2821 .

334 2836 373 2867 In
387 2829 510 2865 eodem
535 2837 648 2862 autem
670 2827 746 2862 casu
769 2828 865 2876 supra
887 2830 922 2866 in
932 2831 1152 2870 donatione)

289 2877 467 2927 proposito
480 2899 490 2914 ,
518 2873 540 2909 fi
553 2873 709 2927 nimirum
721 2876 845 2911 adfitin
856 2879 934 2913 loeo
945 2877 1156 2916 consuetudo

239 2940 261 2972 7
286 2939 355 2962 non
367 2921 517 2960 solvendi
531 2921 737 2957 laudemmm
751 2934 791 2958 ex
805 2926 915 2968 legata
924 2926 1158 2972 Emphyteuli,

287 2984 389 3018 quam
402 2967 549 3006 sustineri
561 2976 650 3003 tenet
664 2969 788 3015 Fulgin.
798 2973 834 3006 de
844 2972 936 3020 Jurc
947 2974 1093 3022 Emphyt.
1104 2977 1156 3010 tit.

287 3023 324 3056 de
336 3020 473 3056 laudem.
491 3026 607 3066 qudo.
619 3027 740 3059 num.4.
762 3018 922 3054 censerem
933 3020 1067 3060 adhuc,
1090 3034 1159 3058 non

289 3066 490 3110 suffragante
504 3062 741 3098 conluetudine
752 3063 941 3107 hujusmodi
954 3093 962 3106 ,
973 3066 1033 3103 ess'e
1043 3070 1159 3104 locum

288 3109 447 3150 solutioni
460 3109 668 3155 Quindennii
682 3122 722 3146 ex
737 3109 830 3157 [upra
842 3113 975 3150 traditis
988 3138 997 3149 .
1146 3129 1148 3132 ·

1416 309 2056 363 ARGUMENTUM.

1244 427 1374 475 Legata
1388 431 1502 468 manui
1516 442 1656 468 mortuae
1671 444 1702 468 re
1715 429 1970 478 emphyteutica
1986 455 1995 471 ,
2020 430 2122 466 haeres

1291 479 1433 522 legantis
1443 504 1452 518 ,
1479 491 1548 515 non
1574 490 1687 516 autem
1713 490 1833 514 manns
1859 488 1995 513 mortua
2014 488 2144 514 tenetur
2169 477 2214 514 ad

1291 525 1534 569 quindennia‚fi
1549 538 1588 561 ex
1602 528 1803 563 testamento
1812 527 1912 563 talem
1923 524 2015 562 fuisse
2027 537 2122 563 men-

1291 579 1360 606 tem
1375 572 1524 609 defnneti
1537 574 1691 611 eliciatur
1701 598 1710 608 .

1425 667 1851 705 SUMMARIU
1887 672 1942 705 M.

1281 772 1296 796 1
1324 765 1446 798 Manus
1461 772 1587 798 mortua
1601 762 1762 808 prohibita
1773 762 1812 806 eft
1825 766 1990 809 acquirere
2000 787 2010 803 ‚
2025 765 2069 800 (ἰδ’
2081 763 2215 800 retinere
2286 802 2295 812 Γ

1378 810 1597 858 enthytcusim
1608 835 1616 844 .
2291 842 2295 861 ³

1281 869 1301 892 2
1327 860 1586 894 controvertitur
1607 884 1616 898 ,
1635 870 1674 893 an
1695 869 1735 893 ex
1759 857 1866 904 legata
1893 857 2080 905 emphyteusi
2105 858 2216 893 manui
2287 870 2291 876 ·

1375 915 1505 941 mortuae
1516 930 1525 945 ‚
1541 904 1691 941 debeatur
1701 905 1791 940 illius
1806 904 1965 947 aesiimatio
1977 903 2018 940 ab
2029 906 2165 941 haerede.

1287 962 1306 994 3
1331 956 1593 989 controvertitur
1606 956 1701 988 etiam
1714 979 1723 992 ,
1737 964 1777 987 an
1790 963 1830 986 cx
1843 953 1950 998 legata
1959 950 2214 994 refideicommis-

1372 999 1394 1042 s
1392 1002 1462 1036 aria
1477 999 1628 1036 debeatur
1642 1001 1798 1047 legatario
1811 998 1970 1041 estimatio
1984 1023 1993 1033 .

1285 1056 1308 1089 4
1333 1053 1440 1082 Hares
1451 1049 1701 1092 teneturfolvere
1716 1048 1941 1095 quindennium
1953 1071 1962 1087 ,
1986 1057 2046 1082 non
2058 1044 2137 1082 verti
2149 1057 2216 1083 ma-

1335 1131 1339 1135 ,
1379 1106 1438 1129 nus
1448 1104 1573 1131 mortua
1587 1098 1746 1142 legataria
1758 1120 1766 1129 .
2218 1124 2223 1131 ,

1286 1149 1300 1184 5
1332 1146 1452 1186 Legato
1461 1143 1562 1186 fundo
1570 1151 1718 1189 gravato
1729 1154 1831 1176 annuo
1842 1139 1951 1185 censu,
1971 1140 2092 1188 spefiat
2095 1140 2216 1185 solutio

1374 1190 1481 1232 census
1491 1191 1531 1225 ad
1539 1190 1688 1225 haeredem
1700 1190 1836 1235 legantis
1848 1214 1858 1223 .

1281 1238 1302 1270 6
1331 1239 1452 1272 Mentio
1466 1243 1503 1281 R.
1515 1242 1556 1272 Ρ.
1567 1243 1609 1272 D.
1632 1236 1775 1279 Ansaldi
1791 1237 1831 1271 de
1845 1233 1999 1270 Ansaldis
2015 1261 2025 1271 .

1276 1294 1298 1325 7
1325 1284 1404 1327 Cens
1400 1293 1470 1319 etur
1491 1284 1597 1329 legata
1623 1295 1672 1319 res
1689 1286 1749 1331 pia
1769 1284 1867 1327 causa
1892 1285 2043 1318 immunis
2070 1281 2111 1319 ab
2131 1285 2216 1319 omni

1371 1343 1460 1367 onere
1471 1357 1481 1366 .

1278 1379 1297 1414 8
1323 1383 1374 1414 Ex
1385 1380 1583 1425 quindenniis
1588 1379 1754 1422 solvendis
1765 1379 1943 1416 detrahitur
1955 1377 2218 1426 quinquagesima

1368 1426 1503 1471 singulis
1513 1428 1690 1473 quindecim
1697 1429 1789 1462 annis
1803 1452 1810 1461 .

1278 1485 1300 1517 9
1327 1477 1365 1508 In
1379 1472 1473 1509 dubio
1484 1475 1636 1520 capienda
1659 1473 1698 1513 cs}
1713 1476 1930 1520 interpretatio
1947 1482 2005 1520 pro
2019 1473 2122 1519 legato
2132 1474 2185 1519 pio
2202 1497 2214 1515 ,
2231 1486 2237 1490 ·

1375 1521 1503 1556 utillud
1516 1519 1653 1558 liberum
1663 1521 1822 1568 praeftetur
1837 1546 1846 1555 .

1261 1580 1302 1604 10
1327 1567 1564 1607 Adbaeredem,
1587 1580 1645 1604 non
1660 1571 1700 1605 ad
1712 1568 1906 1614 legatarium
1923 1567 2044 1614 spernat
2064 1567 2213 1611 onussol-
2268 1603 2269 1606 ,

1371 1618 1470 1651 vendi
1471 1617 1598 1660 fructus
1612 1616 1718 1658 census
1725 1618 1771 1651 rei
1785 1615 1896 1662 legatoe
1909 1640 1919 1650 .

1259 1675 1271 1698 1
1283 1675 1296 1698 1
1325 1668 1444 1703 Hares,
1456 1675 1515 1698 non
1527 1663 1705 1708 legatarius
1717 1671 1841 1699 tenetur
1853 1674 1920 1698 rem
1929 1663 2068 1710 legatam
2076 1662 2163 1700 luere
2177 1687 2189 1698 .

1258 1722 1298 1745 12
1326 1713 1448 1746 Mentio
1458 1710 1633 1745 Advocati
1645 1711 1784 1746 Pacioni
1797 1737 1806 1746 .

1259 1769 1297 1802 13
1325 1760 1435 1792 Omnis
1448 1757 1616 1802 difficultas
1630 1756 1779 1792 debitoris
1788 1759 1981 1806 incofflmodo
1994 1757 2139 1804 eflesolec
2150 1781 2161 1791 .

1259 1816 1302 1848 14
1327 1807 1399 1839 Sine
1409 1807 1528 1840 actione
1544 1816 1632 1839 nemo
1645 1805 1808 1850 experitur
1823 1829 1832 1838 .
2147 1830 2165 1841 2

1257 1863 1295 1895 15
1325 1856 1482 1887 Mandata
1491 1852 1686 1896 consequenti
1698 1875 1710 1892 ,
1730 1853 1866 1888 videtur
1877 1852 2062 1887 mandatum
2085 1862 2213 1900 quoque

1374 1900 1556 1933 antecedens
1569 1924 1579 1933 .
2261 1927 2263 1930 v

1261 1948 1303 1980 16
1329 1945 1530 1997 Reprobatur
1544 1944 1688 1981 Peckius
1700 1945 1741 1979 de
1753 1945 1938 1981 amortizat
1952 1957 2026 1991 cap.
2041 1957 2097 1990 33.
2127 1956 2208 1992 nu.3
2260 1942 2267 1951 ’

1376 2003 1410 2025 1n
1423 1992 1513 2026 med.
1525 1993 1606 2026 ante
1631 1990 1710 2028 vers.
1720 1992 1836 2027 verum
1848 1992 1938 2028 enim
1955 1994 2068 2028 verum
2080 2019 2090 2029 .
2264 1999 2266 2002 '

1259 2051 1300 2083 17
1326 2041 1453 2074 Haredi
1471 2037 1627 2074 incumbit
1652 2051 1733 2076 onus
1747 2039 1897 2081 solvendi
1919 2042 2076 2087 quidquid
2081 2040 2212 2084 solveni
2254 2064 2260 2071 ·

1373 2087 1447 2120 dum
1455 2085 1496 2128 sit
1501 2095 1557 2132 pro
1569 2085 1759 2125 investitura
1770 2110 1778 2123 ,
1794 2097 1853 2119 non
1862 2095 1970 2121 autem
1983 2088 2138 2132 legatario
2150 2112 2162 2122 .
2192 2127 2198 2133 ,
2258 2087 2259 2090 ’

1259 2145 1272 2168 1
1281 2135 1299 2169 8
1326 2133 1360 2167 Si
1370 2133 1410 2167 ad
1424 2132 1616 2177 legatarium
1622 2132 1777 2179 spectaret
1787 2133 1976 2179 quindennia
1985 2133 2111 2175 solvere
2120 2158 2130 2173 ,
2141 2146 2210 2170 ma-v

1366 2181 1437 2273 gt}
1432 2180 1599 2215 videretur
1611 2177 1730 2227 emisse,
1752 2178 1848 2227 quam
1858 2191 1898 2216 ex
1911 2182 2004 2224 causa
2015 2181 2209 2227 legatiacce-

1371 2236 1404 2274 pt
1431 2239 1446 2262 e
1459 2253 1468 2261 .

1259 2285 1301 2317 19
1327 2279 1449 2310 Manus
1462 2283 1587 2311 mortua
1601 2277 1670 2321 agit
1683 2277 1720 2311 de
1729 2274 1817 2311 lucro
1832 2277 1992 2320 quaerendo
2007 2300 2018 2309 .

1256 2334 1300 2356 20
1326 2324 1518 2368 Legatarius
1542 2325 1574 2358 in
1583 2335 1616 2358 re
1628 2324 1736 2368 legata
1749 2323 1886 2366 censetur
1894 2323 2110 2369 praedilectus.

1255 2379 1298 2406 21
1324 2370 1480 2416 Qalitas
1491 2370 1640 2416 legatarii
1653 2370 1752 2405 valde
1764 2368 1865 2415 juvat
1883 2378 1940 2416 pro
1948 2369 2100 2412 sumenda
2110 2371 2207 2406 inter-

1368 2420 1542 2462 pretatione
1550 2415 1831 2460 eidemfavorabili
1844 2441 1854 2451 .

1255 2475 1297 2498 22
1322 2463 1438 2499 Potius
1447 2466 1639 2510 gravandus
1651 2464 1748 2499 baeres
1761 2489 1769 2503 ‚
1782 2463 1877 2512 qudm
1884 2464 2062 2509 legatarius
2074 2489 2083 2498 .

1254 2521 1294 2554 23
1322 2516 1430 2546 Hares
1440 2535 1449 2549 ,
1464 2513 1513 2546 nti
1526 2513 1629 2556 magis
1640 2512 1789 2552 alienus,
1801 2514 1834 2546 in
1847 2510 1941 2545 dubio
1949 2510 2086 2553 censetur
2097 2512 2203 2550 mimis

1365 2567 1549 2603 gravatus.

1246 2614 1290 2647 24
1312 2609 1362 2640 Ex
1372 2607 1487 2640 minori
1499 2607 1684 2646 donatione,
1708 2608 1883 2647 minorique
1895 2603 2087 2641 liberalitate
2097 2609 2198 2643 minor

1360 2650 1532 2698 judicanda
1543 2653 1580 2692 est
1607 2653 1731 2689 dilectio
1743 2678 1752 2688 .

1245 2710 1284 2741 25
1315 2702 1353 2733 In
1367 2711 1400 2733 eo
1413 2725 1422 2739 ‚
1441 2702 1523 2744 quod
1544 2701 1690 2735 relictum
1703 2698 1743 2740 est
1760 2724 1769 2741 ,
1789 2700 1894 2744 magis
1923 2699 2064 2743 censetur
2083 2701 2202 2737 diretta

1355 2746 1552 2792 legatarius,
1567 2744 1666 2793 qua'm
1676 2746 1773 2781 hares
1790 2771 1800 2781 .

1238 2792 1284 2827 26
1308 2797 1387 2837 Non
1401 2793 1522 2840 spectat
1539 2796 1582 2830 ad
1601 2793 1750 2829 haeredem
1760 2792 1928 2830 habilitari
1942 2794 2050 2838 facere
2071 2795 2197 2840 legata‘
2238 2803 2244 2807 ”

1309 2843 1394 2875 rium
1405 2842 1585 2888 incapacem
1600 2841 1668 2882 ,led
1679 2841 1819 2886 legatum
1836 2841 2015 2888 applicatur
2023 2841 2098 2884 fisco
2110 2866 2120 2876 .
2244 2839 2247 2842 ”

1242 2898 1285 2931 27
1312 2889 1505 2934 Legatarius
1523 2899 1562 2922 ex
1574 2887 1668 2933 culpa
1681 2888 1807 2934 propria
1832 2899 1891 2923 non
1899 2885 1987 2923 debet
2002 2889 2202 2931 commodum>
2238 2905 2243 2908 ·

1359 2943 1518 2981 reportare
1529 2936 1560 2969 in
1568 2943 1627 2979 prae
1630 2932 1786 2979 judicium
1789 2934 1832 2977 fis
1829 2936 1859 2969 ci
1869 2958 1878 2967 .

1242 2983 1286 3017 28
1311 2986 1437 3027 Magna
1448 2980 1487 3024 est
1498 2980 1674 3028 differentia
1688 2982 1769 3017 inter
1777 2983 2036 3027 incapacitatem,
2059 2983 2102 3017 &
2114 2984 2197 3018 indi-

1356 3029 1513 3074 gnitatem
1528 3053 1537 3063 .

1249 3088 1292 3118 29
1320 3077 1438 3122 Legari
1451 3075 1547 3122 potes}
1556 3077 1700 3123 incapaci
1709 3100 1719 3114 ,
1737 3075 1807 3110 cum
1820 3081 1923 3114 capax
1937 3076 1997 3109 erit
2008 3098 2018 3107 .

1248 3133 1293 3166 30
1319 3124 1564 3169 superveniente
1578 3123 1741 3168 Legatarii
1753 3122 1931 3167 capacitate
1950 3129 2007 3167 per
2021 3121 2195 3165 consensum
2234 3131 2237 3135 ·

1365 3171 1495 3204 Domini
1511 3194 1521 3208 ,
1546 3170 1687 3214 legatum
1715 3167 1941 3202 convalidatnr
1954 3192 1963 3206 ,
1978 3181 2037 3204 non
2062 3167 2195 3205 habente

1361 3215 1466 3250 locum
1476 3215 1588 3259 regula
1599 3215 1771 3249 Catoniana
1782 3239 1791 3248 .

1247 3274 1262 3304 ς
1273 3274 1286 3297 1
1315 3262 1554 3308 Qindennium
1567 3262 1617 3295 uti
1636 3262 1669 3295 in
1685 3260 1789 3296 locum
1801 3263 1968 3297 Laudemii
1982 3261 2195 3309 subrogatum

1363 3307 1404 3350 esi
1421 3317 1499 3341 onus
1511 3307 1595 3341 reale
1606 3330 1616 3346 ,
1629 3306 1687 3350 seu
1699 3309 1837 3343 mixtum
1848 3333 1857 3348 ,
1881 3310 2065 3356 [emperque
2082 3309 2194 3354 tranfit

1361 3364 1434 3388 cum
1447 3353 1601 3399 relegata
1614 3378 1623 3388 .
2292 3360 2295 3402 l

1247 3411 1289 3445 32
1314 3399 1588 3445 vsufruttuarius
1607 3409 1732 3439 tenetur
1754 3404 1795 3439 ad
1815 3406 1919 3441 omnia
1939 3415 2032 3441 onera
2052 3403 2196 3439 collet'ta-
2292 3406 2295 3410 ’

2054 3461 2125 3486 rum
2134 3475 2145 3489 j

2213 3496 2216 3514 l
