2295 3757
621 57 718 122 De
734 53 1169 135 Qindenniis
1189 97 1207 125 ,
1237 54 1573 139 CapXLI.

216 181 256 203 na
269 170 351 205 talia
363 168 474 217 qualia
486 193 496 209 ,
518 179 578 204 non
590 175 714 203 tenetur
724 167 760 201 de
772 165 932 214 evii‘iione
944 190 954 200 .

105 226 148 251 10
175 217 270 263 ,Quod
288 219 363 252 Itali
375 219 485 252 dicunt
497 227 554 261 pet
568 228 612 250 un
627 214 722 249 sacco
733 212 838 246 d'olla
851 234 860 244 .

102 273 116 297 x
129 274 141 298 x
172 270 233 299 Em
255 273 303 298 tor
317 264 390 306 cons
389 266 487 298 entire
500 262 638 306 censetur
657 262 854 311 cuicumque
867 262 970 298 oneri,
998 262 1045 296 (φ’

210 275 369 354 sii-vitun·
381 309 652 346 abramitarum,
665 305 954 350 acgeneratnatcm
966 317 1044 341 ver-

214 356 327 394 borum
337 384 346 393 .

98 415 114 441 1
122 416 139 439 2
167 410 298 453 Emptor
306 406 486 453 perquirere
495 400 615 438 tenetur
623 399 832 435 conditionem
844 402 891 436 rei
894 399 958 444 sibi
967 412 1050 436 ven-

240 463 263 486 tt
303 478 311 487 .

101 509 141 544 ¹3
169 505 201 537 V
202 455 322 536 eiidi‘ior
336 506 458 536 tenetur
469 503 635 542 emptorem
657 496 831 531 certiorare
843 497 881 531 de
890 495 1050 543 qualitate

218 550 265 583 rei
278 549 414 583 venditat
425 569 434 579 .

100 604 145 638 14
170 600 292 630 Manus
305 601 428 629 mortua
438 587 526 625 debet
539 588 653 633 expres
649 588 681 624 ,τὲ
688 586 838 636 stipulari
847 591 1051 626 evictionem.

99 652 140 685 ις
170 647 200 678 V
202 643 323 677 enditor
331 636 427 686 potest
433 636 554 683 pacisci
563 661 574 677 ‚
598 636 678 684 quod
688 649 746 672 non
759 645 905 673 teneatur
930 639 966 673 de
975 639 1051 672 evi-

215 691 315 724 §tione
325 710 335 720 .

98 736 151 772 16'
171 736 321 774 Venditor
345 732 470 767 tradere
481 739 605 767 tenetur
622 742 688 767 rem
701 730 835 768 liberam
857 739 1050 766 exnaturas

210 780 389 818 contrahitis.
399 780 592 814 venditionis
607 803 616 812 .

99 841 144 875 17
169 830 275 866 Talem
288 838 347 863 non
366 829 510 864 tradens,
533 834 658 862 tenetur
671 828 708 863 de
719 827 877 863 evittione
892 849 902 864 ,
931 824 1054 870 etiamsi

215 875 305 910 illam
314 885 374 909 non
385 873 562 920 promiserit
574 898 583 907 .

60 945 75 965 κ
99 927 143 962 18
168 923 320 961 Venditor
330 948 337 961 ‚
352 923 474 968 prodita
485 918 589 967 posled
602 920 763 966 qualitate
774 921 822 955 rei
832 919 1051 967 quindenniali

206 969 369 1014 servituti
386 966 528 1003 obnoxiae
548 992 557 1005 ‚
587 974 710 1001 tenetur
735 966 859 1009 reficere
877 970 1050 1002 damnum.»

214 1017 473 1065 quindenniorum
486 1042 494 1055 ‚
529 1015 589 1049 uod
597 1014 720 1059 patitur
734 1025 849 1049 manus
864 1025 990 1049 mortua
1005 1039 1013 1047 .

98 1076 142 1111 19
165 1069 298 1112 Emptos·
323 1074 416 1109 agere
432 1025 527 1108 paesi
550 1057 656 1096 contra*
668 1063 870 1097 venditorem
894 1063 1049 1098 αἱῖίοηω

213 1112 327 1160 quanti
336 1111 466 1145 minoris
477 1133 486 1142 .

97 1173 145 1198 20
168 1162 317 1196 ‘Pretium
330 1154 532 1204 emphyteusis
553 1154 655 1191 valde
675 1156 864 1192 diminuitur
883 1155 921 1192 ob
933 1156 1051 1202 duplex

214 1219 293 1242 onus
305 1203 371 1240 ta'm
385 1214 538 1238 canonum
551 1227 560 1240 ‚
584 1201 681 1249 qua'm
694 1206 957 1250 quindenniorum
970 1230 978 1238 .

97 1267 141 1292 21
170 1255 316 1292 Vendens
327 1261 392 1287 rent
398 1248 714 1297 fideicommissariam
722 1260 781 1298 pro
793 1250 892 1287 libera
905 1277 915 1291 ,
927 1251 1051 1287 tenetur

215 1303 252 1337 de
261 1301 421 1335 eviiiione
433 1323 442 1331 .

95 1361 142 1387 22
167 1347 231 1385 ab
241 1344 431 1393 emphyteusi
441 1346 483 1381 ad
489 1342 769 1392 fideicommissum,
782 1345 866 1381 vele
878 1344 986 1383 contrd
996 1344 1049 1381 be-

175 1421 180 1428 .
213 1394 251 1430 nd
263 1396 360 1440 argui
366 1392 447 1436 solet
457 1416 466 1425 .

94 1454 140 1488 23
166 1444 309 1481 Vendens
319 1441 456 1485 fundum
470 1438 618 1484 cenfitum
629 1449 689 1487 pro
695 1439 796 1477 libero
808 1463 819 1479 ‚
841 1449 964 1477 tenetur
977 1443 1048 1480 de>

211 1491 371 1526 evictione
381 1512 390 1522 .

94 1549 146 1582 24
169 1543 257 1573 Inter
271 1535 392 1578 censum
405 1559 413 1574 ‚
427 1536 470 1571 &⁰
483 1534 705 1582 emphyteusim
717 1535 798 1577 adesi
809 1535 982 1580 similitudo
1000 1562 1009 1570 .

100 1597 146 1630 ας
175 1586 319 1622 Vendens
331 1593 396 1617 rem
405 1582 567 1626 feudalem
590 1591 645 1630 pro
657 1583 802 1619 allodiali
811 1606 823 1623 ‚
841 1593 966 1619 tenetur
979 1586 1049 1623 dc)

212 1632 372 1667 evibiione
381 1655 390 1664 .

99 1683 151 1716 36
171 1683 223 1716 A’
230 1679 328 1726 feudo
342 1679 383 1713 ad
391 1676 612 1725 emphyteusim
626 1677 706 1713 reite
720 1679 813 1725 argui
826 1680 920 1714 valet
932 1704 941 1713 .

97 1739 146 1772 27
172 1723 438 1764 concedens-bona
450 1728 482 1761 in
495 1725 714 1771 emphyteusim
727 1751 734 1761 ,
749 1726 777 1767 si
785 1725 886 1772 posita*
897 1736 1051 1773 appareat

211 1774 274 1810 illa
282 1769 336 1819 effe
345 1772 448 1808 aliena
459 1798 468 1812 ‚
481 1781 603 1807 tenetur
612 1773 648 1806 de
659 1775 820 1808 witzin-te-
837 1799 846 1807 .

95 1824 148 1858 28
171 1825 301 1868 Emptor
313 1845 322 1859 ‚
332 1819 360 1862 si
371 1831 464 1854 onera
477 1823 522 1854 rei
527 1817 670 1863 scivisset
683 1843 691 1855 ‚
705 1821 795 1854 illam
814 1832 871 1855 non
887 1819 1002 1867 emisset
1017 1849 1026 1859 .

92 1881 145 1913 29
172 1867 302 1910 Etiamsi
313 1867 372 1901 illa
387 1868 522 1901 vendita
526 1866 568 1907 sit
582 1876 653 1899 cum
668 1867 809 1906 clausula
821 1868 901 1901 talia
913 1872 1024 1914 qualia
1039 1896 1048 1904 ,

97 1927 144 1961 30
171 1917 302 1951 Veditor
313 1920 436 1960 tenetur
445 1914 613 1946 certiorare
625 1921 791 1957 emptos-em
801 1915 837 1947 de
849 1917 1049 1961 emphyteusi.

95 1973 114 2009 3
125 1975 139 1998 t
167 1964 320 1999 Venditor
332 1971 392 1994 non
401 1961 577 2005 exprimens
589 1959 778 2006 qualitatem
790 1961 836 1995 rei
846 1984 856 2000 ,
885 1963 1003 2000 dicitur
1016 1967 1048 2000 in

215 2008 284 2044 dolo
295 2024 305 2033 ·

93 2067 113 2102 3
121 2069 140 2092 2
165 2056 268 2092 Dolus
279 2065 338 2089 non
351 2051 440 2088 debet
450 2052 564 2099 cuique
575 2055 773 2098 patrocinari
781 2080 789 2088 .

92 2115 113 2149 3
121 2115 138 2149 3
166 2109 196 2141 V
198 2103 319 2139 enditor
329 2111 388 2137 non
398 2101 575 2147 exprimens
584 2111 676 2136 onera
687 2125 698 2140 ,
712 2101 852 2145 censetur
862 2106 1001 2141 vendere
1010 2107 1050 2142 it'.

211 2149 283 2186 bere
295 2172 306 2183 .
833 2157 836 2161 ·

83 2202 138 2243 '34
162 2203 293 2245 Emptor
305 2195 503 2243 prafumitur
514 2197 662 2242 ignorare
673 2209 767 2232 onera
780 2223 788 2236 ‚
803 2199 847 2233 (φ
853 2199 1047 2242 servitutes.

90 2257 132 2290 35
165 2251 295 2292 Emptor
304 2252 427 2278 tenetur
436 2244 631 2289 investigare
642 2246 830 2292 qualitatem
843 2249 905 2286 rei-

90 2297 140 2338 36
162 2298 283 2327 Manus
295 2291 422 2327 mortua
447 2292 587 2338 incapax
599 2291 640 2335 est
649 2294 837 2339 acquirendi
862 2294 1045 2342 emphyteu-

201 2339 260 2384 sim
273 2364 284 2374 .
694 2342 699 2345 '

91 2396 109 2431 3
117 2397 137 2429 7
162 2389 316 2424 Venditor
323 2387 519 2431 servitutem
531 2387 576 2422 rei
588 2387 692 2423 celans
703 2411 715 2426 ‚
741 2395 865 2423 tenetur
887 2391 1044 2427 afflone)

190 2447 193 2450 ’
210 2437 323 2481 quanti
334 2436 466 2470 minoris
479 2459 489 2468 .

91 2492 111 2527 3
119 2488 137 2523 8
162 2484 200 2516 In
212 2483 396 2517 venditione
405 2483 451 2516 rei
455 2478 749 2527 fideicommiffariae
756 2483 867 2527 agitur
877 2483 912 2519 de
923 2482 1042 2530 praeju-

208 2528 291 2563 dicio
301 2528 430 2564 heredis
434 2530 578 2574 gravati
592 2552 601 2567 ,
630 2533 674 2564 (7·
686 2538 878 2564 vocatorum
893 2555 903 2566 .

94 2587 144 2622 39
163 2577 181 2608 Ι
182 2588 202 2611 n
212 2576 396 2610 venditione
406 2577 452 2609 rei
463 2577 699 2622 emphyteutica
720 2586 781 2611 non
795 2578 906 2622 agitur
918 2579 955 2615 de
963 2588 1044 2626 prze-

209 2622 327 2671 y'udicio
342 2623 468 2656 Domini
476 2624 587 2658 diretti
598 2647 607 2656 .

89 2680 138 2716 40
160 2671 315 2752 Νιιίἰιῖιῗ
326 2669 520 2704 venditionis
539 2671 586 2704 rei
592 2668 881 2716 fideicommiffariae
909 2673 948 2718 esi
959 2673 1042 2717 insa-

211 2731 252 2754 na
275 2730 285 2752 i
301 2729 329 2751 is
341 2740 352 2749 .

87 2773 134 2807 41
161 2766 316 2811 Nullitas
337 2762 531 2798 venditionis
550 2765 598 2799 rei
619 2764 861 2813 emphyteutica
889 2766 929 2809 esi
944 2767 970 2810 s
965 2780 1041 2803 ana·

211 2813 288 2849 bilis
303 2836 314 2846 .

90 2869 137 2903 42
163 2864 255 2897 Inter
272 2857 395 2901 censum
407 2880 418 2895 ‚
441 2858 486 2894 &
509 2856 728 2905 emphyteusim
750 2870 810 2896 non
827 2861 937 2905 desunt
955 2862 1043 2908 diffe-

202 2909 312 2944 rentia
325 2930 336 2941 .

85 2964 131 2999 43
159 2956 354 2991 Declaratur
362 2950 925 2999 Tondut.rcs.civ.par.1.cap.44.in
935 2954 1040 2999 princ.

87 3011 136 3045 44
161 3000 375 3049 Emphyteusie
388 3025 399 3039 ‚
410 2999 592 3044 &seudum
603 3010 664 3034 non
674 3000 794 3048 semper
807 3025 822 3040 >
833 3013 887 3037 nec
899 3004 934 3038 in*
942 3004 1042 3037 omni-

210 3049 269 3084 bus
282 3046 493 3096 parificantur
503 3070 513 3081 .

90 3105 134 3140 45
163 3099 250 3130 onus
263 3119 273 3133 2
288 3096 342 3138 seu
350 3097 499 3140 servitus
511 3105 569 3128 non
579 3093 621 3137 esi
639 3103 718 3141 pars
729 3096 794 3136 rei,
807 3095 864 3140 sed
875 3098 1042 3142 quadam..

211 3142 352 3187 qualitas
364 3143 412 3177 rei
422 3141 576 3176 inhaerens
587 3166 597 3176 .

90 3193 139 3234 46
165 3189 266 3224 Dolus
279 3200 336 3223 non
347 3188 549 3234 praesumitur
560 3212 570 3222 .

90 3248 138 3281 47
164 3236 316 3316 Venditgr
331 3237 367 3269 de
388 3233 460 3280 jure
478 3234 679 3282 praesumitur
701 3235 723 3278 s
718 3238 781 3273 cire
798 3238 974 3285 qualitates
997 3241 1044 3276 rei

211 3294 276 3317 ven
299 3289 348 3316 11ae
358 3304 368 3314 .

94 3332 142 3376 48
167 3331 249 3368 Dari
261 3325 355 3375 potest
368 3350 380 3369 ,
394 3325 477 3374 qued
486 3329 637 3379 venditor
646 3341 686 3367 ex
700 3331 809 3379 aliquo
819 3332 976 3371 accidenti
986 3347 1038 3373 ne.

1247 168 1387 210 sciverit
1396 180 1460 204 rem
1473 169 1640 204 venditam
1652 191 1661 206 ,
1679 167 1738 215 esse
1749 173 2014 217 emphyteuticam
2024 196 2034 207 .

1132 224 1181 260 49
1204 215 1258 257 Est
1271 216 1361 250 locus
1376 216 1532 251 evictioni
1543 240 1551 252 ,
1580 218 1707 262 quando
1723 221 1877 253 venditur
1897 233 1945 255 res
1961 223 2085 260 aliena,

1249 275 1310 299 non
1324 267 1451 311 quando
1461 264 1616 299 venditur
1626 262 1838 306 resservituti
1848 264 1984 304 obnoxia
1996 292 2007 303 .

1279 357 1753 394 CAPITULUM
1799 359 1909 395 XLI.

1109 455 1185 535 C
1198 448 1280 486 Asus
1295 450 1371 487 sane
1387 453 1431 488 fin
1460 452 1561 489 ularis
1577 478 1586 492 ,
1612 463 1655 488 ac
1667 452 1861 500 peregrinus
1879 452 1990 499 potti-

1211 498 1302 544 gitur
1315 499 1350 533 in
1364 465 1511 545 praefinti
1524 500 1754 536 discutiendus
1766 526 1774 541 ,
1791 501 1988 549 omnique:

1107 556 1146 581 ex
1166 555 1259 590 parte
1280 545 1506 583 difficillimus
1533 549 1752 587 enodandus,
1781 549 1989 594 quantunvis

1109 593 1177 629 alia
1189 603 1229 627 ex
1243 602 1338 638 parte
1356 593 1510 630 videatur
1522 619 1532 633 ‚
1559 606 1626 630 non
1650 595 1708 630 nifi
1723 596 1804 630 raro
1816 595 1988 642 contingi·

1110 639 1204 679 bilis.
1218 642 1296 676 cum
1311 640 1332 675 si
1348 642 1513 677 vendatur
1530 653 1578 676 res
1593 643 1866 687 emphyteutica,
1882 641 1990 679 neces-

1110 685 1213 722 sarius
1233 689 1278 723 est
1301 688 1443 723 Domini
1459 687 1782 730 ditetfticonsensus,
1804 689 1901 736 eique
1923 688 1986 726 sol-

1114 734 1262 785 vendum
1274 735 1481 771 laudemium
1494 736 1591 780 juxta
1605 735 1813 772 notisfimam
1827 736 1985 780 l.fin.c.cie
2011 750 2027 775 ι

1114 783 1308 829 yur-‚emphyt
1338 787 1370 818 δι
1385 783 1427 819 lic
1440 795 1498 829 pet
1511 783 1723 818 necessarium
1734 782 1938 831 consequens
1951 785 1988 822 in

1113 829 1334 877 instrumento
1348 831 1555 867 venditionis
1565 841 1723 877 appatere
1736 830 1856 867 debeat
1868 831 1911 867 de
1925 833 1985 867 hu·

1111 876 1258 919 juimodi
1272 875 1426 913 consensu
1441 903 1450 918 ,
1465 879 1574 925 deque
1584 878 1748 926 qualitate
1759 877 1803 912 tei
1817 877 1958 913 venditae
1973 903 1985 919 ,

1112 923 1205 959 unde
1231 935 1350 959 manus
1375 935 1511 961 mortua
1531 937 1644 962 emens
1668 937 1736 962 rem
1757 924 1987 972 emphyteuti-

1110 981 1264 1009 cammec
1276 974 1390 1006 valens
1403 975 1544 1018 allegare
1555 973 1788 1019 ignorantiam
1802 971 1893 1008 illius
1904 984 1987 1019 qua-

1111 1017 1219 1054 litatis
1230 1043 1239 1057 ,
1265 1019 1499 1064 proculdubio
1511 1032 1551 1056 ex
1565 1031 1685 1056 natura
1697 1020 1764 1058 tei,
1788 1023 1821 1054 δε
1837 1018 1982 1066 personae

1109 1065 1157 1101 ob
1173 1066 1432 1110 incapacitatem
1444 1066 1636 1113 poffidendi
1651 1067 1900 1114 emphyteusim
1914 1092 1924 1107 ,
1939 1067 1987 1104 ad

1110 1113 1321 1159 quindennia
1343 1115 1509 1151 tenebitur
1522 1140 1532 1155 ,
1557 1118 1606 1151 vel
1623 1115 1645 1150 fi
1667 1115 1833 1151 vendatur
1853 1126 1905 1150 res
1917 1127 1987 1150 ern-

1110 1160 1312 1207 phyteutica
1328 1173 1395 1196 non
1407 1161 1576 1198 reservato
1591 1160 1749 1198 consensu
1760 1173 1842 1202 ‚nec
1856 1162 1884 1197 ei
1900 1160 1988 1198 solu-

1111 1219 1151 1243 to
1164 1207 1349 1248 lauda-mio,
1364 1209 1442 1244 cum
1456 1219 1537 1246 tunc
1548 1222 1684 1246 corruat
1700 1208 1865 1248 venditio,
1877 1209 1987 1246 immo

1111 1257 1225 1291 taliter
1252 1257 1396 1292 vendens
1408 1256 1511 1293 cadat
1536 1258 1580 1293 ab
1593 1256 1803 1304 emphyteusi
1819 1269 1860 1293 ex
1872 1258 1988 1304 vulga·

1111 1304 1156 1338 tis
1170 1328 1179 1343 ,
1193 1303 1303 1339 inuno
1318 1302 1396 1339 latis
1407 1304 1452 1339 est
1469 1329 1478 1344 ,
1504 1305 1602 1352 quod
1621 1308 1784 1340 vendatur
1798 1304 1832 1340 in
1844 1314 1986 1341 manum
2012 1319 2032 1343 2

1109 1360 1284 1386 mortuam
1305 1350 1353 1386 uti
1367 1352 1597 1397 emphyteusis
1619 1352 1814 1399 incapacem
1829 1378 1839 1392 ‚
1860 1352 1988 1394 Tesaur.

1108 1398 1268 1447 quforens
1276 1397 1709 1446 lib.2.qu.23.num.20.cum
1718 1400 1803 1448 seqq.
1818 1397 1965 1444 sequitur
1976 1424 1987 1440 ,

1109 1457 1143 1481 m
1157 1458 1249 1480 inum
1263 1457 1436 1481 mortuam
1462 1446 1614 1483 assertam
1629 1448 1826 1495 emptticem
1854 1458 1924 1482 non
1939 1447 1988 1483 in-

1109 1492 1223 1538 digere
1236 1493 1369 1534 judicio
1379 1493 1557 1530 evictionis
1571 1520 1581 1535 ‚
1594 1496 1717 1532 contra
1731 1493 1889 1530 assertum
1905 1505 1986 1529 ven-

1110 1541 1258 1577 ditorem
1273 1553 1336 1581 eo,
1360 1539 1457 1588 quod
1480 1541 1501 1576 fi
1517 1542 1550 1577 in
1562 1543 1705 1578 eandem
1727 1552 1870 1577 manum
1892 1552 1986 1578 mot·

1109 1598 1205 1623 tuam
1221 1587 1450 1634 emphyteusis
1463 1588 1655 1625 dominium
1667 1591 1870 1626 translatum
1885 1601 1988 1625 non-..0

1108 1633 1207 1671 fucrit
1223 1635 1329 1670 stante
1341 1635 1495 1672 nullitate
1513 1637 1742 1676 venditionis,
1771 1647 1840 1671 non
1857 1636 1988 1671 tenebi-

1110 1693 1163 1719 tur
1176 1684 1222 1717 ad
1236 1683 1443 1729 quindennia
1457 1708 1466 1721 ,
1477 1683 1671 1728 quinhnmo
1682 1683 1716 1720 in
1731 1684 1805 1727 ejus
1815 1682 1982 1729 potestate

1110 1729 1173 1766 erit
1201 1729 1353 1765 recedere
1367 1731 1590 1769 acontractn,
1619 1731 1711 1768 bona
1725 1741 1871 1775 namque
1882 1741 1984 1766 non-2

1111 1775 1236 1812 enizss‘et
1249 1801 1259 1815 ‚
1274 1777 1297 1811 fi
1309 1778 1367 1812 illa
1379 1775 1519 1812 scivisset
1532 1777 1724 1819 hujusmodi
1735 1774 1899 1812 servitutis
1912 1788 1984 1822 pet·
2012 1796 2029 1828 3

1112 1836 1216 1870 petuo
1241 1823 1340 1859 nexui
1365 1824 1516 1862 obnoxia.
1542 1824 1601 1860 ess’e
1615 1826 1719 1861 leiim
1729 1823 1938 1872 plures72ff.
1948 1825 1985 1859 de

1108 1873 1263 1907 evietion.
1279 1871 1408 1919 l-liquis
1416 1872 1515 1907 aliam
1531 1870 1627 1918 4⁶·ff·
1639 1873 1828 1914 desoltttion.
1839 1871 1893 1915 l.si
1905 1873 1986 1906 duos

1108 1917 1200 1965 44ff
1219 1920 1254 1954 ‹le
1269 1918 1506 1964 contrah.empt.
1516 1920 1537 1954 l.
1551 1920 1622 1954 cu'm
1634 1918 1771 1962 eiusdem
1779 1920 1907 1963 generis
1929 1928 1986 1962 34.

1109 1975 1175 2006 §.1.
1184 1964 1220 2012 ff.
1231 1969 1268 2001 de
1281 1966 1389 2002 aedilit.
1399 1968 1489 2002 editt.
1505 1969 1635 2000 Merlin.
1650 1965 1825 2011 Pignatell.
1835 1974 1985 2001 controv.

1107 2011 1403 2060 lib.1.cap.46.n.1.
1428 2023 1582 2049 attamen
1596 2013 1678 2060 quia
1692 2013 1899 2059 quandoque
1913 2022 1987 2046 eve·

1111 2061 1182 2096 nire
1207 2064 1316 2104 potest
1341 2087 1350 2102 ‚
1375 2070 1414 2097 ut
1438 2060 1611 2097 Dominus
1625 2060 1768 2096 directus
1793 2057 1988 2102 hujusmodi

1110 2107 1343 2143 venditionem
1358 2108 1470 2142 adhuc
1481 2108 1649 2153 approbet
1665 2131 1675 2147 ,
1695 2107 1760 2149 juri
1785 2103 1848 2142 suo
1864 2117 1988 2142 tenun-

1108 2154 1236 2190 ciando
1255 2179 1264 2194 ‚
1292 2153 1427 2199 ipsaque
1452 2165 1578 2190 manus.
1598 2164 1734 2190 mortua
1758 2162 1918 2188 contenta
1943 2151 1985 2188 fit

1106 2202 1229 2248 quiade
1235 2200 1314 2236 nnia
1326 2200 1546 2241 solvere,bene
1557 2203 1661 2237 intrat
1670 2200 1764 2237 casus
1775 2199 1982 2247 propositum

1106 2248 1335 2295 Proponimus
1349 2247 1453 2294 igitur
1463 2273 1472 2288 ‚
1485 2249 1585 2296 quod
1598 2249 1825 2285 vendensrem
1838 2259 1890 2283 em
1919 2247 1979 2294 hy·
2003 2257 2029 2292 4

1105 2297 1269 2332 teuticam
1284 2295 1400 2330 manui
1411 2306 1556 2331 mortuae
1566 2297 1615 2333 uti
1627 2296 1778 2337 liberam,
1801 2294 1868 2331 five
1895 2295 1983 2336 ciat,

1105 2345 1173 2379 five)
1188 2344 1318 2388 ignoret
1329 2354 1398 2378 rem
1413 2342 1507 2380 illam
1517 2344 1691 2380 venditam
1702 2341 1763 2379 effe
1777 2342 1856 2378 talis
1873 2341 1983 2390 quali-

1105 2391 1192 2426 tatis
1201 2415 1211 2429 ,
1225 2392 1302 2425 licet
1312 2400 1434 2425 manus
1445 2400 1583 2427 mortua.
1592 2391 1736 2436 emptrix
1747 2402 1814 2426 non
1827 2389 1980 2426 inveniat

1100 2450 1175 2475 rem
1185 2437 1343 2476 liberant,
1357 2435 1411 2472 sed
1424 2438 1717 2484 emphyteutieam
1733 2464 1742 2478 ,
1759 2438 1906 2484 ideoque
1918 2449 1979 2484 pa·

1101 2485 1207 2522 tiatur
1231 2484 1494 2521 incommodum
1510 2511 1519 2525 ,
1546 2490 1579 2522 &
1606 2498 1693 2522 onus
1719 2485 1867 2521 solvendi
1880 2484 1982 2531 quin—

1103 2533 1230 2569 dennia
1246 2533 1400 2567 Domino
1409 2531 1537 2569 ditesto
1548 2557 1559 2573 ⁵
1579 2543 1732 2569 attamen
1745 2531 1899 2567 venditor
1911 2531 1980 2567 hoc

1087 2605 1089 2607 -
1102 2579 1180 2616 casu
1195 2591 1262 2613 non
1274 2587 1426 2614 teneatur
1439 2579 1482 2616 de
1493 2581 1672 2621 evitetione,
1687 2577 1746 2616 sed
1757 2589 1882 2615 manus
1890 2590 1982 2614 mot-

1103 2637 1164 2663 tua
1178 2626 1299 2662 solvere
1314 2625 1434 2660 debeat
1449 2627 1659 2673 quindennia.
1673 2654 1682 2668 .
1698 2636 1736 2663 ut
1746 2626 1790 2662 de
1806 2627 1924 2662 veriori
1939 2625 1978 2662 iu

1101 2673 1244 2720 praecifis
1258 2672 1407 2709 terminis
1431 2675 1574 2712 carol-de
1587 2675 1713 2711 Alexio
1721 2676 1754 2714 in
1763 2672 1892 2718 observ.
1902 2687 1912 2709 ι
1923 2678 1981 2718 56.

1100 2732 1242 2766 n.9.cum
1250 2721 1273 2763 s
1268 2723 1358 2768 eq-ad
1365 2726 1432 2765 conl
1436 2721 1865 2769 ult.Capyc.Latr.lib.2.posi
1878 2721 1981 2757 Carol-

1102 2770 1273 2805 Antonde
1287 2774 1374 2804 Luca
1388 2770 1422 2803 in
1433 2768 1561 2810 observ.
1576 2772 1618 2805 ad
1630 2769 1982 2816 ejusd.tonsult.repetit.

1101 2815 1164 2863 posi
1177 2817 1366 2851 Tratt.inter
1376 2819 1527 2852 notiores
1536 2817 1630 2853 litera
1644 2817 1836 2853 Eli-etenim
1849 2814 1916 2849 five=
1926 2823 1980 2866 ra-

1104 2864 1200 2898 tione
1213 2862 1391 2898 eviffionis
1405 2889 1415 2904 ‚
1437 2864 1508 2898 liv&
1531 2864 1665 2900 afflone
1689 2863 1808 2910 quanti
1831 2860 1975 2895 minoris

1104 2910 1263 2946 venditor
1286 2920 1357 2944 non
1382 2920 1514 2947 tenetur
1537 2911 1598 2946 nisi
1623 2913 1669 2947 ad
1685 2920 1786 2945 omne
1796 2905 1978 2942 detrimen-

1105 2968 1199 2997 tum,
1220 2956 1317 3003 quod
1328 2955 1474 3003 sequitur
1486 2959 1528 2993 de
1541 2956 1636 3005 perse
1651 2982 1661 2997 ‚
1681 2952 1898 2991 &intrinsece
1919 2964 1974 2989 ra-

1102 3005 1197 3039 tione
1216 3004 1350 3044 oneris,
1369 3006 1517 3050 qualitas
1540 3015 1656 3041 autem
1678 3000 1854 3038 solutionis
1867 3001 1977 3054 ‘quin-

1101 3051 1304 3088 denniorutn
1327 3063 1396 3087 non
1410 3052 1536 3091 estita,
1556 3052 1611 3087 sed
1623 3049 1767 3095 sequitur
1790 3045 1973 3084 extrinsece

1103 3108 1242 3146 propter
1255 3099 1458 3144 qualitatem
1471 3097 1617 3146 personae
1628 3095 1852 3144 emphyteutae
1863 3120 1873 3134 ‚
1894 3096 1974 3131 cum

1103 3145 1173 3191 ipsa
1185 3145 1312 3192 (qualis
1324 3146 1370 3181 est
1381 3157 1505 3181 manus
1516 3142 1666 3184 mortua)
1681 3142 1854 3187 prohibita
1867 3141 1908 3177 fit
1921 3154 1975 3179 ac-
2000 3156 2018 3191 ς

1103 3193 1234 3239 quirere
1243 3203 1315 3228 rem
1324 3191 1610 3238 emphyteuticam
1639 3188 1762 3235 absque
1771 3188 1977 3228 oblatione„

1101 3239 1280 3276 solutionis
1289 3238 1573 3286 quindenniorum
1584 3261 1595 3275 ‚
1603 3237 1648 3271 ad
1659 3236 1757 3284 quod
1773 3237 1923 3272 advertit
1933 3237 1976 3273 de

1100 3288 1390 3323 Alexiolocsitat.
1411 3287 1444 3318 &
1459 3294 1525 3318 nos
1537 3284 1605 3318 late
1619 3281 1760 3329 suptain
1773 3288 1931 3332 Caph&
1947 3298 1978 3320 2.

1099 3336 1258 3382 equidem
1271 3331 1409 3368 servitus
1428 3329 1476 3367 tei
1491 3330 1620 3413 non'i‘st
1638 3341 1716 3368 tota
1729 3341 1782 3368 tes
1793 3355 1819 3384 ,·
1829 3343 1889 3414 nsec
1899 3341 1975 3375 pars
1999 3336 2023 3370 6

1809 3389 1844 3422 lp
1858 3387 1910 3414 ius
1921 3401 1932 3417 ‚
