2295 3757
318 147 446 208 490

268 250 306 281 25
337 241 453 274 1;τ’ίὲῖο
464 237 597 283 cspitali
607 264 613 274 .
625 235 719 284 potest
732 247 845 271 manus
859 243 984 269 mortua
995 233 1084 268 aliud
1095 234 1216 278 capit-1-

374 287 402 320 lc
418 284 552 320 liberum
567 284 675 328 offerre
688 310 697 318 .

262 335 304 367 26
331 337 486 369 Dominus
508 328 644 368 ‹li²·ec³tns
657 334 725 376 cogi
741 331 849 376 nequit
864 330 905 362 ad
932 327 1105 372 recipienda
1115 324 1214 369 flabi-

376 381 420 414 lia
438 404 445 417 ‚
456 379 591 421 sentosa
608 381 768 414 Montium
778 380 844 410 loco
859 376 1119 421 quindenniorum
1131 398 1140 407 .

260 436 304 470 27
327 430 462 463 Λιιὶἶον
471 426 604 471 scripsit,
621 430 663 462 <9-
675 421 865 469 transcripsit
880 422 1057 469 prajrntcm
1073 420 1210 456 Trafta-

376 484 449 510 tum
463 498 472 508 .

434 566 905 603 CAPITULUM
964 564 1100 597 CLXX.

328 658 402 739 C
414 665 483 698 Um
496 671 587 698 meta
597 660 793 708 quindecim
810 670 976 696 annorum
990 655 1073 692 sitin
1090 654 1118 690 se
1133 656 1204 691 lon-

427 721 471 755 ga
485 734 495 749 ,
520 721 642 756 perque
665 705 870 752 consequens
893 704 1080 751 aliquando
1094 706 1201 738 tractu

330 757 492 801 temporis
503 757 676 792 Dominus
686 756 833 790 direetus
846 780 853 793 ‚
877 752 1099 802 negociorum
1112 752 1202 785 mole

351 803 448 839 rcfl'us
461 829 470 842 ‚
497 803 671 839 oblivione
686 802 837 838 laborare
862 799 966 845 possit
981 798 1015 833 in
1029 797 1201 850 exigendo

352 850 384 886 bi
411 851 531 886 debito
549 849 757 898 quindennio
780 860 819 884 ex
846 845 1065 891 Emphyteuli
1083 855 1199 880 manui

326 907 467 934 mortua:
479 897 630 934 concessa
643 922 652 936 ‚
678 897 808 942 hacque
823 894 878 930 via
891 892 1032 940 aliquod
1045 890 1199 937 praejudi·

326 945 418 982 cium
431 970 442 984 ‚
466 948 517 981 vel
530 944 718 982 molestiam
732 942 792 979 fibi
808 952 923 988 parare
937 951 1001 986 pro
1011 937 1196 985 consequu-

325 993 421 1029 tione
435 991 647 1038 quindennii3
656 992 800 1036 cumque
811 989 830 1024 e
843 988 964 1025 contra
974 997 1095 1021 manus
1106 996 1196 1037 mor:

328 1051 390 1076 tua
409 1041 456 1076 ad
476 1038 505 1075 se
522 1039 734 1076 liberandum
751 1037 795 1073 ab
807 1036 869 1072 ista
883 1033 1034 1071 molestia
1046 1031 1197 1069 solvendi

324 1088 462 1142 siugulis
470 1087 668 1134 quindecim
678 1084 777 1122 armis
787 1083 940 1120 debitum
951 1080 1174 1132 quindenium
1185 1103 1195 1120 ,

326 1134 469 1171 faciliori
489 1146 530 1171 ac
551 1132 785 1170 commodiori
810 1131 866 1168 via
889 1129 939 1165 uti
954 1154 964 1170 ,
988 1127 1135 1164 intendit
1145 1126 1198 1180 ³ad

325 1182 527 1228 explendam
541 1180 803 1218 satisfaetionem
817 1188 879 1223 pro
892 1187 959 1213 uua
972 1175 1043 1210 vice
1060 1183 1195 1209 tautum

325 1229 448 1276 absque
462 1229 528 1265 alia
548 1228 763 1265 reiteratione
781 1224 985 1261 solutionum
1001 1219 1195 1257 successivo-

325 1289 400 1312 rum
411 1275 698 1323 quindenniorum
709 1298 720 1314 ,
732 1271 904 1308 mediante
919 1272 1052 1305 illorum
1067 1267 1197 1321 tedem-

327 1325 446 1371 ptione
460 1348 468 1362 ,
490 1321 739 1359 seuluitionein
752 1329 863 1354 totum
876 1342 886 1355 ‚
907 1314 1003 1367 quod
1023 1315 1196 1366 alterutri.

331 1373 380 1405 vel
394 1371 522 1416 utrique
533 1370 620 1414 parti
638 1369 770 1404 videtur
793 1363 871 1400 satis
883 1363 1083 1408 expediens,
1110 1371 1148 1396 ut
1161 1372 1197 1395 m

328 1417 381 1452 his
393 1417 542 1453 terminis
554 1424 652 1452 notat
674 1415 745 1449 Sola
759 1414 799 1448 ad
813 1419 939 1447 Decret.
949 1409 1087 1444 Sabaud.
1099 1409 1152 1443 tit.
1162 1408 1198 1442 de

328 1465 397 1511 jure
410 1463 722 1510 Emphyteut.par.3.
731 1458 859 1506 gloss-1.
879 1468 1025 1499 num.25.
1038 1454 1122 1508 ideo.
1133 1454 1198 1508 inf,

283 1522 300 1547 x
327 1510 471 1557 praesenri
492 1508 661 1546 afferimus
673 1532 683 1548 ,
705 1507 803 1554 quod
825 1503 1031 1551 quindennia
1053 1501 1172 1555 redimi
1185 1526 1195 1541 ‚

327 1557 379 1594 seu
390 1556 565 1594 affrancari
575 1554 710 1600 possunt
721 1579 731 1594 ,
741 1551 931 1600 praestando
942 1551 1032 1586 enim
1049 1559 1197 1602 aeqmva-

327 1608 396 1641 lens
407 1603 559 1649 Capitale
569 1629 579 1644 ‚
599 1601 697 1650 qnod
709 1600 832 1637 reddat
851 1597 987 1645 singulis
1000 1597 1195 1649 quindecim

264 1661 267 1664 ’
324 1652 422 1690 annis
431 1650 575 1688 fruetum
587 1649 694 1686 debiti
704 1645 971 1696 quindennii‚per
980 1645 1196 1696 aequipollens

324 1696 529 1736 satisfanum
542 1707 690 1735 remanet
704 1694 851 1740 adinstar
862 1691 1078 1737 canonis‚qui
1091 1700 1196 1726 etiam

324 1747 408 1782 bene
422 1746 564 1786 redimi,
578 1744 630 1781 seu
641 1744 694 1780 lui'
702 1741 812 1789 potest
825 1767 835 1781 ,
845 1739 1050 1785 assignando
1063 1737 1195 1783 capita-

324 1796 354 1829 le
369 1791 512 1836 ejusdem
527 1792 691 1831 redditus,
705 1789 741 1825 in
752 1788 829 1834 casu
841 1788 1002 1823 tetraonis
1015 1787 1112 1829 juxta
1124 1786 1194 1821 vul-

324 1851 442 1886 gatam
457 1841 578 1877 Bullam
589 1838 854 1884 Gregorianamin
864 1836 968 1871 ordine
980 1835 1010 1869 la
1025 1847 1041 1868 ιι
1049 1846 1079 1868 2.
1091 1841 1121 1873 §.
1141 1844 1154 1867 1
1162 1843 1195 1884 33

324 1891 357 1924 in
370 1889 490 1925 nullar.
501 1898 581 1923 nov.
594 1892 726 1930 Roman.
736 1893 846 1919 roma.
859 1883 880 1917 fi
895 1881 985 1917 enim
999 1892 1121 1919 canon,
1134 1889 1194 1925 qul

325 1935 462 1980 singulis
481 1935 578 1970 annis
588 1931 730 1980 praestari
744 1929 827 1966 solet
841 1931 874 1965 in
890 1929 1019 1975 liguum
1043 1925 1197 1974 recogni-

325 1982 432 2019 tIOnis
443 1981 561 2018 dir'efii
575 1979 742 2019 dominii,
768 1977 812 2012 est
824 1975 1023 2013 redimibilis
1034 2000 1043 2015 ,
1063 1973 1198 2021 quanto

328 2031 439 2075 magis
452 2028 639 2065 redimibile
650 2027 712 2063 erit
722 2023 971 2072 quindennium
981 2049 991 2063 ,
1010 2023 1104 2070 quod
1119 2033 1199 2068 prae-

283 2088 300 2122 3
327 2077 404 2113 stati
417 2075 499 2112 solet
514 2075 651 2121 singulis
665 2073 799 2109 tantum
811 2071 1006 2117 quindecim
1019 2070 1116 2105 aunis
1129 2094 1140 2110 ,
1162 2072 1196 2104 &

322 2125 440 2172 potius
451 2124 581 2159 ratione
593 2118 902 2168 poss'enbris‚qualis
914 2118 960 2153 est
973 2127 1095 2152 manus
1106 2127 1198 2152 mor·

325 2182 387 2207 tua
406 2171 635 2218 Emphyteuta
649 2193 659 2208 ,
680 2168 786 2215 quam
807 2167 844 2201 in
856 2164 1123 2209 recognitionem
1134 2163 1196 2199 do-

326 2218 422 2254 minii
436 2230 476 2252 ex
489 2217 560 2252 fuso
572 2219 706 2252 calamo
729 2225 784 2258 per
797 2224 860 2249 uos
874 2212 1032 2248 deduffls
1053 2210 1149 2257 supra
1163 2211 1196 2245 in

328 2272 429 2313 Capl.
440 2269 483 2301 Θ*
498 2271 544 2300 ll.
569 2262 699 2298 Eodem
721 2260 823 2297 ferme
837 2262 939 2306 paeto
949 2284 959 2298 ,
983 2270 1054 2304 quo
1076 2256 1196 2295 redimi

283 2326 306 2359 4
328 2314 435 2358 potest
447 2311 563 2348 census
574 2310 619 2348 ad
629 2309 758 2346 tradita
770 2319 826 2354 per
839 2309 967 2343 cem-de
979 2304 1197 2351 cenfih.par.3.

328 2369 430 2405 capa.
441 2370 496 2405 qu.
501 2371 533 2404 3.
545 2370 612 2394 n.1.
628 2356 702 2401 sive
711 2352 901 2402 imprefflone
911 2353 1071 2399 Augustae
1084 2354 1199 2389 Tauri-

325 2419 436 2443 norum
445 2405 631 2453 quaeft.105.

375 2455 413 2488 In
427 2452 568 2488 nihilum
578 2449 853 2496 relevantnquod
865 2447 1058 2491 hujusmodi
1070 2446 1200 2483 redem-

328 2499 380 2535 tio
390 2500 562 2546 quindenii
576 2498 732 2534 videatur
742 2496 973 2542 praejudicialis
984 2496 1114 2530 direeto
1126 2496 1201 2529 Do-

329 2547 425 2582 mino
438 2572 447 2586 ‚
463 2548 546 2583 dum
563 2545 626 2581 hac
644 2544 699 2580 via
713 2542 889 2581 deficiente
902 2543 1099 2580 continuata
1113 2540 1201 2576 solu-

331 2592 423 2629 tione
433 2592 637 2639 quindennii,
648 2592 799 2638 privatur
811 2589 1028 2635 imposterum
1043 2588 1141 2624 solita
1151 2598 1199 2624 re-

329 2640 525 2687 cognitione
534 2638 676 2674 dominii
690 2664 701 2678 ‚
725 2650 798 2685 quae
813 2637 982 2673 inducitur
995 2647 1053 2682 per
1065 2635 1199 2670 reitera-

327 2699 386 2724 -tas
399 2686 578 2723 solutiones
601 2686 737 2731 singulis
756 2684 950 2730 quindecim
965 2683 1061 2720 anuis
1074 2681 1199 2718 facien-

326 2734 394 2771 das
409 2747 420 2774 3
431 2734 540 2779 licque
549 2730 620 2768 laesa
631 2741 803 2769 remanent
814 2756 824 2770 ,
835 2742 874 2766 ac
883 2731 969 2775 pene
980 2738 1137 2778 emortua
1147 2730 1198 2772 ju-

332 2793 369 2818 ra
380 2778 603 2816 dominicalia
614 2802 625 2818 ‚
649 2779 744 2824 quod
754 2790 823 2814 non
835 2778 880 2813 est
891 2776 1063 2813 ferendum
1077 2802 1087 2817 ‚
1108 2776 1150 2811 ne
1161 2787 1201 2810 ex

290 2841 307 2874 ς
335 2828 427 2864 fano
439 2826 585 2866 alterius,
601 2825 758 2861 videlicet
767 2836 887 2861 manus
901 2834 1040 2860 mortuae
1051 2822 1203 2868 Emphy-

330 2886 430 2912 teutae
441 2872 601 2910 inferatur
615 2872 814 2910 deterior,ac
826 2873 942 2918 iniqua
954 2871 1113 2907 conditio
1128 2872 1201 2905 Do-

331 2923 430 2959 mino
439 2921 568 2957 directo
581 2919 703 2955 contra
715 2921 866 2962 regulam
879 2920 915 2954 in
937 2919 960 2954 l.
973 2930 1032 2953 non
1045 2917 1132 2953 debet
1143 2928 1201 2962 74.

328 2971 365 3019 ff.
378 2973 415 3007 de
428 2968 531 3014 regul.
545 2967 632 3014 Jur.
653 2964 735 3011 quia
748 2976 819 3000 non
831 2965 911 3000 iude
933 2964 1106 3000 Dominus
1119 2964 1202 2998 defi-

327 3018 380 3055 nit
390 3015 492 3064 potiri
504 3012 736 3059 recognitione
753 3010 919 3052 dominii,
944 3022 1004 3046 nec
1024 3011 1151 3046 amittit
1164 3010 1201 3046 in

327 3075 442 3101 toturn
464 3065 536 3105 iura
556 3058 775 3097 dominicalia
788 3083 799 3098 ,
819 3057 905 3092 dum
928 3055 1040 3093 saltem
1065 3057 1202 3102 singulis

327 3111 425 3147 annis
439 3110 484 3145 illi
495 3106 630 3144 solvitur
642 3117 755 3143 canon
764 3130 775 3146 ,
795 3105 906 3150 sicque
920 3104 1033 3139 adhuc
1044 3105 1144 3140 durat
1153 3116 1204 3140 re·

325 3157 483 3202 cognitio
505 3154 652 3191 dominii
662 3180 671 3195 ‚
695 3164 755 3188 nec
779 3152 884 3188 habet
905 3151 940 3186 in
960 3150 1026 3187 hoc
1041 3177 1051 3192 ,
1077 3151 1119 3187 de
1132 3163 1204 3198 quo

281 3209 305 3242 6
328 3201 688 3249 conqueratur,etenim
700 3201 764 3235 hac
775 3199 829 3236 via
836 3198 1040 3235 affrancatur
1050 3198 1201 3245 quidem,

327 3254 362 3286 &
386 3251 543 3284 liberatur
557 3248 683 3284 fundus
698 3249 718 3282 a
737 3246 894 3282 servitute
908 3246 1024 3293 quoad
1038 3246 1203 3291 quinden-

328 3297 387 3333 nia
396 3295 530 3330 tantum
539 3296 561 3337 a
572 3294 661 3330 salvo
670 3297 797 3339 semper
810 3318 821 3334 ‚
834 3295 965 3329 intaeto
977 3317 987 3332 ‚
1000 3297 1031 3328 δε
1046 3292 1141 3328 illaeso
1152 3304 1202 3329 re-

324 3351 481 3380 manente
499 3340 629 3375 direeto
640 3342 797 3375 dominio
810 3341 926 3386 quoad
942 3351 1087 3376 canones
1097 3339 1132 3373 in
1145 3337 1198 3375 fu-

325 3400 438 3428 turum
450 3388 483 3423 in
494 3386 580 3423 statu
593 3410 603 3427 ‚
627 3390 659 3421 &
671 3386 822 3423 terminis
832 3410 843 3427 ,
865 3387 899 3422 in
911 3387 1035 3433 quibus
1054 3395 1148 3422 erant
1160 3387 1195 3421 in

277 1712 298 1734 υ

791 123 825 188 J
828 124 1045 186 oannis
1068 124 1280 204 Lopez
1311 117 1390 180 de
1409 118 1611 182 Leone
1629 160 1646 186 ‚

1274 230 1500 284 prseteritum.
1525 229 1639 263 sinino
1665 225 1796 262 vitietur
1819 227 1932 271 potins
1945 228 2144 264 effcstame-
2191 238 2212 272 7

1276 280 1352 317 lior,
1366 280 1470 324 quam
1482 277 1629 312 deterior
1641 275 1797 310 conditio
1809 275 1940 310 domini
1957 300 1966 315 ‚
1980 276 2058 311 cum
2069 277 2147 311 alle-

1273 334 1390 360 curatn
1401 333 1575 359 remaneat
1586 323 1619 357 in
1634 332 1830 368 perpetuum
1846 321 2029 358 satisfaetio
2041 323 2140 368 quin—

1271 371 1435 406 denniicx
1455 369 1591 417 capitali
1607 372 1651 405 atl
1667 369 1756 405 hunc
1781 369 2119 414 effecm1nassigmto
2132 395 2141 410 ,

1270 423 1304 454 δι
1320 418 1491 454 Dominus
1516 417 1658 464 propriis
1682 416 1838 452 manibus
1854 418 1913 452 libi
1929 416 2034 452 solvat
2049 441 2058 456 ‚
2082 428 2142 451 nec

1267 464 1410 511 speetare
1423 466 1542 500 debeat
1557 463 1748 500 debitorem
1762 489 1771 503 ,
1784 464 1841 510 qui
1855 465 1882 498 ei
1897 463 2003 500 solvat
2014 491 2022 504 ,
2038 464 2143 498 necin

1266 511 1343 548 casu
1354 512 1544 548 cessationis
1555 511 1751 556 quindennii
1766 509 1889 557 pulsare
1903 524 2040 546 manum
2053 521 2142 546 mor-

1265 569 1360 595 tuam
1376 560 1639 605 Emphytentam
1657 570 1716 602 pro
1732 559 1819 594 illius
1836 558 1996 594 solutione
2013 585 2021 599 ,
2037 555 2140 592 vtluti

1264 607 1300 641 in
1323 606 1474 642 terminis
1485 604 1743 640 affrancationis
1758 607 1926 651 ponderat
1940 607 2012 641 Sola
2026 608 2065 641 ad
2079 612 2141 639 De-

1263 662 1348 688 creta
1362 652 1527 689 sabaudiae
1539 655 1588 688 tit.
1601 656 1636 688 de
1649 655 1717 688 iure
1735 653 1880 701 Emphyc.
1893 662 1963 700 par.
1969 665 1998 697 3.
2011 651 2142 699 glossa.

1262 712 1409 745 num.24.

1309 745 1485 793 Minusque
1496 745 1684 793 refragatur
1696 747 1898 793 ponderatio
1912 774 1921 789 ,
1935 747 2030 794 quod
2043 746 2140 794 snpra

1261 793 1387 830 adda&
1394 796 1427 834 ιἰ,
1441 795 1474 829 in
1484 795 1766 841 comprobatione
1780 795 1994 831 resolutionis
2005 820 2014 834 ,
2026 807 2139 830 exem-

1259 844 1352 886 plum
1367 841 1508 877 canonis
1523 841 1723 878 redimibilis
1739 867 1748 881 ,
1763 842 1817 877 seu
1831 842 2140 881 asstancabilismon

1258 889 1343 923 bene'
1364 889 1545 934 adaptetur
1568 890 1615 925 ad
1637 887 1827 935 praesentem
1853 889 2069 935 hypothesim
2087 890 2135 924 ob

1255 935 1445 972 maximam
1457 933 1693 980 disparitatem
1705 936 1849 971 rationis
1859 960 1868 975 ‚
1887 935 1945 971 sub
1959 947 2134 981 praetextu‚

1253 985 1352 1030 quod
1376 982 1423 1018 ibi
1444 993 1566 1028 agatur
1582 983 1617 1018 in
1633 981 1708 1018 casu
1723 985 1886 1019 retraetus
1897 983 2046 1019 coadivi
2062 994 2135 1029 per-

1255 1028 1380 1066 missia
1395 1028 1490 1074 snpra
1513 1030 1653 1066 laudata
1678 1031 1774 1066 Bulla
1788 1031 2004 1076 Gregoriana
2018 1031 2063 1066 ad
2080 1041 2137 1066 or-

1257 1087 1375 1112 natum
1390 1077 1496 1112 Urbis
1506 1104 1514 1118 ‚
1528 1077 1637 1125 licque
1651 1089 1691 1113 ex
1703 1076 1800 1114 causa
1815 1077 1990 1113 neceffaria
2005 1103 2014 1118 ,
2027 1077 2137 1113 immo

1257 1128 1290 1159 ὅ(
1306 1124 1440 1169 publica
1453 1150 1461 1164 ,
1485 1135 1521 1160 ut
1535 1125 1578 1160 <le
1592 1137 1648 1170 per
1672 1124 1702 1160 se
1724 1125 1865 1161 materia
1887 1124 1966 1160 satis
1981 1124 2139 1167 iudicat;

1256 1171 1347 1207 unde
1360 1169 1454 1206 casus
1465 1171 1683 1211 necessitatis,
1700 1172 1810 1208 immo
1823 1172 1961 1218 publicae
1977 1171 2136 1208 utilitatis

1254 1229 1325 1255 non
1337 1218 1422 1254 bene?
1438 1219 1582 1255 trahitur
1591 1220 1636 1254 ad
1649 1218 1763 1256 casum
1792 1221 1979 1256 voluntatis
1993 1245 2001 1259 ,
2025 1219 2136 1264 qualis

1255 1265 1301 1302 est
1315 1266 1503 1312 redemptio
1515 1293 1524 1306 ‚
1539 1266 1591 1302 seu
1605 1265 1805 1302 affrancatio
1821 1267 2110 1313 quindenuiorum
2122 1290 2137 1306 ‚
2186 1279 2190 1283 ·

1256 1312 1355 1348 salvis
1368 1314 1615 1350 remanentibus
1626 1315 1814 1349 canonibus
1823 1339 1833 1353 ,
1845 1314 2055 1360 proindeque
2063 1325 2136 1349 non
2153 1330 2160 1336 -

1257 1358 1444 1396 affrancato
1457 1385 1468 1400 ‚
1489 1361 1541 1397 seu
1555 1360 1700 1396 liberato
1726 1360 1760 1396 in
1782 1371 1894 1396 totum
1910 1362 1971 1397 fitu
1985 1360 2141 1407 Emphy-

1256 1406 1407 1456 teutico,
1430 1410 1533 1452 prout
1543 1409 1591 1443 est
1613 1406 1751 1453 praesens
1773 1406 1867 1444 casus
1880 1433 1891 1448 ,
1915 1408 1998 1453 quia
2018 1419 2079 1452 pro
2090 1404 2139 1443 af-

1255 1452 1460 1495 micando,
1474 1452 1528 1489 seu
1543 1455 1743 1491 redimendo
1754 1456 1773 1490 a
1790 1455 1977 1491 canonibus
1989 1453 2138 1490 fundum

1255 1500 1434 1546 requiritur
1443 1501 1587 1546 quidem
1600 1500 1699 1537 causa
1715 1502 1886 1538 necessaria
1899 1514 1939 1539 ex
1956 1513 1997 1537 eo
2013 1526 2024 1541 ‚
2040 1499 2139 1548 quod
2184 1518 2187 1520 ·

1255 1547 1291 1631 ἰὲι
1302 1559 1345 1583 eo
1359 1548 1435 1583 casu
1448 1548 1562 1593 agitur
1576 1547 1618 1582 de
1631 1550 1773 1592 penitus,
1793 1547 1980 1584 auf-:tendo
2005 1549 2140 1584 dir-etsta

1283 1595 1418 1630 ominio
1429 1619 1440 1634 ‚
1463 1600 1572 1642 deque
1584 1593 1691 1630 fundo
1706 1595 1821 1632 abillo
1835 1599 1869 1631 iu
1885 1594 2036 1631 futurum
2057 1595 2143 1631 libe-

1254 1644 1385 1680 rando:
1398 1640 1453 1677 sed
1465 1653 1527 1688 pro
1539 1640 1775 1682 affrancando‚
1790 1640 1843 1677 seu
1855 1643 2055 1678 redimendo
2065 1639 2140 1678 fun-

1254 1689 1304 1725 do
1315 1689 1336 1725 a
1349 1689 1564 1736 quindenniis
1582 1688 1874 1725 salvosemanente
1889 1701 2018 1725 canone
2032 1713 2042 1729 ‚
2067 1701 2142 1725 non

1254 1737 1390 1773 videtur
1402 1737 1527 1782 requiri
1540 1734 1639 1773 causa
1654 1735 1926 1777 necess'ariassnm
1939 1737 1974 1772 in
1987 1736 2047 1773 tali
2060 1734 2139 1772 casu

1254 1796 1324 1820 non
1342 1783 1513 1820 auferatur
1522 1788 1693 1823 totaliter,
1716 1794 1756 1818 ac
1777 1784 1943 1820 radicitus
1968 1784 2140 1821 direftum

1253 1831 1446 1867 dominium
1459 1855 1470 1871 ,
1491 1831 1547 1867 sed
1561 1834 1595 1866 in
1603 1832 1716 1876 aliqua
1730 1824 1865 1866 tannim
1881 1841 1975 1876 parte
1990 1855 2000 1870 ,
2017 1834 2049 1865 &
2062 1829 2139 1877 qui-

1253 1877 1333 1914 dem
1347 1890 1415 1913 non
1431 1876 1636 1914 substantiali
1647 1903 1658 1918 ,
1684 1878 1794 1913 imno
1810 1877 1950 1913 forsitan
1963 1878 1997 1913 iu
2013 1880 2140 1912 nulla-2

1255 1935 1351 1973 parte
1362 1949 1372 1965 ,
1386 1924 1551 1961 direetum
1562 1926 1651 1962 enim
1663 1925 1857 1960 dominium
1870 1925 1973 1961 durat
1983 1949 1994 1966 ,
2011 1929 2043 1960 ἃ
2058 1935 2141 1960 con-

1255 1976 1403 2011 servatur
1415 1973 1449 2007 in
1462 1973 1663 2008 continuata
1675 1983 1846 2008 canonum
1859 1973 2067 2017 praestatione
2082 1996 2094 2011 ,

1273 2017 1278 2020 ’
1302 2016 1439 2067 Qbus
1451 2020 1747 2063 politismonnullae
1761 2017 1934 2065 insurgunt
1946 2031 2017 2055 non
2028 2017 2139 2065 asper-

1255 2072 1372 2104 nantiae
1387 2065 1610 2102 difficultates
1625 2090 1634 2105 ‚
1649 2072 1680 2101 δε
1697 2070 1840 2111 qmdem
1854 2065 1908 2102 lex
1922 2091 1932 2101 .

1293 2117 1321 2148 Ι.
1330 2112 1529 2149 Difficultas
1538 2111 1599 2148 sese
1609 2113 1765 2152 offeram
1778 2114 1812 2148 in
1827 2113 2028 2158 redeptione
2038 2111 2139 2159 quin-

1255 2161 1370 2198 dennii
1380 2171 1500 2196 manus
1511 2171 1648 2196 mortua
1656 2161 1887 2205 Emphytenta
1902 2170 2052 2194 teneatur
2068 2170 2140 2194 tra-

1255 2209 1332 2244 dere
1344 2209 1547 2252 aequivalens
1569 2207 1684 2242 stabile
1709 2207 1755 2242 ad
1776 2208 2030 2252 proportionem
2046 2230 2056 2245 ‚
2080 2204 2136 2241 seu

1255 2266 1364 2293 ratam
1382 2254 1527 2290 reddens
1553 2254 1692 2299 singuiis
1711 2253 1907 2298 quindecim
1931 2254 2030 2288 annis
2054 2263 2136 2289 eun-

1257 2303 1336 2340 dem
1346 2300 1517 2337 redditum
1529 2301 1740 2346 quindennii,
1751 2312 1834 2346 puta
1846 2301 1868 2335 si
1883 2299 2133 2346 quindenniuin

1256 2349 1446 2386 consistetet
1461 2348 1496 2383 in
1507 2346 1609 2383 scutis
1620 2359 1757 2383 centum
1769 2372 1779 2386 ‚
1793 2347 1947 2383 redditus
1960 2347 2136 2383 retrahen-

1257 2397 1324 2433 dus
1336 2408 1377 2432 ex
1395 2394 1568 2442 assignato
1581 2394 1688 2430 stabili
1711 2395 1846 2431 reddere
1858 2395 1984 2430 debeat
1999 2393 2136 2439 lingulis

1257 2443 1454 2490 quindecim
1469 2442 1568 2477 annis
1584 2443 1676 2477 dieta
1689 2440 1780 2478 scuta
1789 2453 1936 2482 centum,
1949 2452 1993 2477 an
2007 2451 2134 2480 autem,

1257 2503 1326 2528 nou
1351 2491 1471 2526 habito
1497 2489 1547 2524 ita
1560 2501 1625 2536 prae
1647 2488 1807 2525 manibus
1834 2489 1941 2525 stabili
1963 2513 1973 2528 ,
1993 2487 2138 2523 sufficiat

1258 2539 1347 2575 tradi
1358 2537 1538 2584 pecuniam
1549 2536 1796 2572 investiendam
1811 2535 1846 2571 in
1861 2544 1916 2571 tot
1939 2534 2113 2570 stabilibus
2126 2556 2138 2572 ‚

1261 2588 1310 2621 vel
1333 2585 1420 2621 locis
1443 2585 1615 2620 Montium
1640 2581 1787 2627 ejusdem
1813 2583 1968 2618 redditus
1995 2581 2137 2627 singulis

1256 2633 1452 2680 quindecim
1465 2632 1561 2666 annis
1573 2656 1582 2671 ,
1593 2635 1626 2665 ἃ
1638 2632 1807 2666 crederem
1820 2652 1831 2669 ,
1842 2630 1877 2665 id
1890 2630 2037 2676 positum
2049 2632 2084 2664 in
2096 2626 2135 2663 li-

1257 2681 1386 2717 bertate
1398 2678 1577 2717 debitoris,
1589 2689 1627 2712 ut
1640 2679 1738 2723 quod
1753 2678 1813 2712 libi
1825 2677 2044 2712 commodius
2056 2683 2135 2710 eva-
2181 2704 2188 2708 .

1259 2728 1338 2766 det,
1354 2735 1436 2771 agat
1449 2749 1457 2765 ‚
1482 2724 1691 2771 proindeque
1715 2723 1884 2771 deponere
1901 2723 2004 2770 possit
2020 2731 2072 2758 tot
2081 2729 2139 2765 pe-

1259 2775 1376 2811 eunias
1386 2775 1420 2808 in
1443 2775 1559 2808 Monte
1575 2770 1736 2810 Pietatis,
1758 2771 1889 2807 velalio
1904 2770 2041 2817 publico
2051 2769 2140 2802 Ban-

1258 2823 1343 2860 ch0‚
1359 2822 1408 2855 vel
1424 2820 1503 2855 alibi
1517 2821 1614 2864 juxta
1629 2819 1696 2854 loci
1710 2816 1986 2854 consuetudinem
1999 2816 2042 2850 ad
2062 2811 2141 2866 effe-

1259 2871 1352 2904 §tum
1364 2867 1640 2902 illasinvestiendi
1654 2866 1689 2900 in
1706 2875 1759 2900 tot
1773 2867 1857 2901 locis
1871 2863 2040 2900 Montium
2057 2860 2143 2896 libe-

1260 2916 1305 2953 ris
1318 2941 1327 2957 ,
1341 2917 1375 2949 &
1385 2925 1454 2949 non
1466 2913 1677 2949 vacabilibus
1690 2938 1700 2953 ,
1717 2912 1858 2948 minime
1869 2910 1899 2947 se
1911 2909 2076 2945 afflari-lo
2093 2907 2140 2942 ad

1258 2962 1475 3001 tradendum,
1487 2966 1520 2996 &
1535 2960 1788 3006 subrogandum
1800 2959 1892 2993 aliud
1905 2957 2019 2991 stabile
2037 2956 2140 3000 aequi·

1261 3012 1374 3045 valens
1389 3007 1550 3055 ;quippe‘,
1568 3018 1605 3044 ut
1619 3008 1654 3043 in
1666 3007 1774 3046 simili,
1787 3003 1915 3040 etiamsi
1930 3003 2137 3047 praelaudata

1259 3059 1458 3102 Gregoriana
1470 3064 1501 3095 §.
1521 3067 1575 3100 13.
1585 3054 1730 3099 requirat
1741 3052 1776 3087 in
1790 3049 2032 3086 affrancatione
2047 3073 2057 3088 ,
2082 3048 2136 3083 seu

1261 3103 1496 3149 redemptione
1515 3103 1655 3138 canonis
1668 3125 1678 3140 ‚
1703 3097 1975 3141 subrogationem
2003 3096 2154 3134 alterius*

1260 3150 1384 3186 stabilis
1397 3148 1628 3195 aequivaleiitis
1642 3172 1652 3187 ,
1675 3155 1825 3181 attamen
1837 3155 1893 3190 per
1914 3143 2133 3189 aequipollens

1261 3197 1354 3235 dieta
1364 3198 1460 3232 Bulla
1473 3195 1618 3232 servatur
1636 3191 1871 3236 confignando
1892 3191 2071 3236 pecuniam
2091 3190 2141 3224 iu-

1263 3239 1700 3280 vestiendaminvstabilibus
1717 3262 1726 3276 ‚
1747 3239 1797 3273 vel
1821 3239 1919 3273 Locis
1944 3237 2139 3275 Montium,

1260 3303 1334 3337 quae
1346 3290 1524 3326 succedunt
1539 3289 1616 3321 loco
1632 3285 1801 3320 stabilium
1814 3309 1824 3324 ,
1837 3285 1942 3321 veluti
1957 3308 1966 3323 ‚
1989 3283 2142 3330 pluribus

1260 3336 1430 3382 congestis
1441 3332 1702 3368 aunoritatibus
1714 3332 1827 3368 firmat
1842 3332 2003 3368 Tribunal
2020 3331 2144 3366 Came-

1255 3395 1297 3419 rae
1313 3381 1515 3428 Apostolicae
1540 3380 1631 3426 decis.
1639 3392 1691 3418 10.
1712 3380 1768 3426 [eu
1783 3379 1887 3416 ultim.
1911 3376 2139 3431 num-483pollr

1994 3431 2085 3462 Emt-
