2349 3770
309 82 785 202 Imprimatur
799 135 816 161 ‚

73 230 145 298 Si
172 226 511 381 vidlsellfitur1
528 211 1072 287 Reverendissimo
1104 212 1281 278 Patri
1320 207 1489 274 Sacri
1511 210 1871 296 Apostolici
1904 217 2072 284 Pala..

165 320 246 381 tii
365 315 483 394 agil
514 330 613 371 ro.

127 445 206 522 N
209 492 222 508 ·
247 437 425 509 Card.
438 431 820 504 caracciolus
832 432 1310 523 Archiepistopus
1326 430 1546 516 Capuae
1582 429 2034 502 Pro-Viennam

85 641 2075 674 μῇ--β--ῤ-ῇ--ῄ--ῄ-ῤ--ᾒ

341 774 1248 880 «ΑΡΡἩΟΒΑΤΙΟ
1312 776 1822 863 OPERIS.

257 959 588 1005 RACTATUM
618 958 671 999 de
698 956 966 1017 Qindenniis
979 986 993 1006 ‚
1023 968 1105 996 non
1122 951 1193 996 nifi
1208 951 1371 996 summis
1389 952 1544 1009 vigiliis
1560 981 1574 1001 ‚
1604 948 1841 1009 magnisque
1871 950 2085 995 laboribus

83 962 243 1126 T
276 1029 487 1063 exaratum
502 1017 526 1058 ἐι
542 1017 730 1062 Domino
744 1018 858 1074 Juris
874 1013 1244 1069 ConsultoJoanne
1259 1014 1401 1069 Lopez
1417 1012 1467 1053 de
1485 1011 1624 1053 Leone
1647 1011 1913 1065 Ulyxbonen.
1940 1013 1981 1053 in
1997 1012 2083 1053 Ro-

276 1091 395 1122 mana
425 1078 558 1121 Curia
579 1075 803 1121 Advocato
820 1105 832 1126 ,
856 1071 957 1129 jussu
973 1072 1302 1116 Reverendisfimi
1318 1071 1450 1113 Patris
1469 1071 1663 1126 Gregorii
1680 1071 1818 1112 Selleri
1835 1072 1925 1113 Sac.
1941 1070 2086 1112 Palatii

93 1137 326 1196 Apostolici
340 1136 520 1193 Magistri
537 1167 552 1188 ,
580 1135 760 1190 jucunde
775 1135 958 1193 perlegi,
988 1131 1115 1190 atque
1131 1131 1317 1188 diligenti
1334 1129 1519 1172 adhibita
1532 1128 1820 1173 observatione
1833 1158 1847 1178 ,
1861 1128 1964 1170 nihil
1979 1130 2019 1169 in
2036 1142 2087 1170 co

91 1197 359 1255 depraehendi
374 1196 607 1239 Catholicae
624 1194 859 1251 Religioni,
873 1193 1006 1236 Sacris
1025 1189 1268 1236 canonibus
1284 1220 1298 1240 ‚
1332 1189 1453 1231 bonis
1470 1188 1658 1231 Moribus
1675 1219 1688 1239 ‚
1704 1201 1752 1230 ac
1768 1186 1866 1229 sanae
1882 1189 2089 1231 DoCtrinae

97 1258 349 1301 contrarium
367 1272 379 1302 ς
412 1257 678 1311 Qapropter
696 1253 967 1310 digniflimum
985 1248 1130 1294 censeo
1146 1279 1160 1299 ,
1187 1262 1231 1290 ut
1248 1250 1300 1291 ad
1315 1248 1522 1306 publicam
1539 1251 1723 1291 omnium
1751 1247 1999 1303 inJudiciali
2017 1247 2093 1286 Pa-

99 1316 230 1360 laestra
245 1312 490 1358 versantium
507 1316 730 1356 utilitatem
745 1311 1072 1370 Typographicis
1088 1309 1351 1351 monimentis
1368 1307 1639 1351 demandetur
1654 1336 1668 1358 ‚
1685 1306 1712 1349 fi
1726 1308 1778 1349 iis
1795 1336 1808 1357 ,
1821 1305 2087 1362 quibusJuris

96 1375 156 1418 est
173 1405 187 1426 ,
217 1375 277 1417 ita
291 1373 501 1416 videbitur
514 1402 526 1414 .
543 1376 633 1415 Hac
651 1371 718 1414 die
739 1386 755 1412 1
767 1387 803 1413 2.
820 1370 1031 1414 Februarii
1051 1381 1099 1420 17
1111 1371 1176 1408 16.

229 1493 422 1536 Antonius
437 1493 605 1535 Flavius
619 1493 664 1536 de
679 1494 814 1539 Santis
833 1491 873 1532 ia
885 1494 1061 1533 Romana
1076 1486 1198 1530 Curia
1213 1487 1444 1530 Advocatus
1458 1517 1469 1528 .

1474 1602 2104 1620 ——2-——u——uffl

628 1615 933 1781 *Zilia
973 1685 1468 1810 Approbatio.

100 1867 597 2029 TRACTATUS
633 1870 685 1913 de
698 1869 968 1929 Qindenniis
996 1867 1169 1909 Domini
1200 1863 1410 1907 Advocati
1428 1862 1608 1920 Joannis
1633 1863 1770 1921 Lopez
1801 1859 1852 1901 de
1877 1858 2017 1900 Leone
2044 1856 2117 1898 est2

311 1929 419 1972 adeo
438 1930 611 1973 refertus
640 1930 765 1987 legali
792 1929 1024 1970 eruditione
1042 1956 1055 1975 ,
1084 1923 1200 1981 quod
1227 1923 1392 1965 minime
1407 1923 1570 1964 aberrat
1585 1921 1607 1963 a
1624 1920 1848 1965 Catholica
1860 1918 2078 1974 Religioni:
2091 1946 2103 1968 ‚

315 1990 355 2028 &
369 1986 489 2027 bouis
506 1988 689 2028 moribus
704 2016 718 2036 ‚
748 1984 1099 2041 quemadmodum
1127 1983 1250 2025 decet
1266 1980 1343 2025 effe
1358 1982 1521 2024 doctum
1538 2011 1552 2031 ‚
1581 1980 1699 2036 aeque
1713 1981 1826 2036 pium
1842 1977 2072 2018 Authorem
2090 1992 2102 2020 ς

103 2043 284 2099 ideoque
314 2043 365 2084 ad
384 2045 566 2085 omnium
583 2043 810 2098 profestum
829 2070 842 2090 ‚
869 2046 910 2082 &
933 2054 1151 2082 commune
1178 2040 1331 2083 bonum
1361 2039 1508 2083 censeo
1521 2071 1535 2091 ‚
1571 2039 1687 2096 quod
1715 2051 1818 2092 opus
1850 2033 1934 2075 tam
1972 2033 2076 2074 utile
2089 2062 2103 2083 ,

107 2106 148 2144 &
164 2099 424 2144 necessarium
442 2103 484 2142 in
498 2099 590 2143 foro
603 2100 739 2143 nostro
756 2098 882 2156 quam
901 2100 1074 2156 primum
1090 2100 1213 2156 praelo
1229 2099 1499 2142 demandetur
1514 2130 1527 2150 ,
1545 2099 1570 2138 fi
1586 2097 1643 2138 ita
1659 2095 1873 2137 videbitur
1887 2094 2101 2136 Reveren-

110 2160 266 2204 'diffimo
286 2162 398 2203 Sacri
415 2160 562 2202 Palatii
578 2159 808 2218 Apostolici
822 2159 1043 2217 Magistro:
1068 2160 1145 2200 hac
1174 2157 1242 2201 die
1257 2161 1390 2217 prima
1409 2150 1599 2199 octobris
1624 2166 1748 2205 1717.

228 2278 300 2337 7ο.
318 2282 527 2321 Xaverius
542 2281 587 2320 de
603 2282 725 2321 Leone
739 2277 791 2337 7.
807 2282 853 2320 C.
869 2278 1059 2319 Arianen.
1075 2307 1088 2326 2
1105 2275 1154 2319 (θ’
1171 2277 1212 2317 in
1226 2280 1403 2317 Romana
1421 2274 1547 2315 Curia
1560 2273 1788 2315 Advocatus
1806 2290 1814 2316 ;

344 2343 383 2381 &
398 2340 493 2381 dum
511 2342 594 2381 haec
611 2340 940 2397 imprimerentur
957 2366 971 2387 ‚
991 2336 1193 2392 Episcopus
1226 2335 1500 2388 AEserniarum
1514 2363 1525 2373 .

109 2458 278 2469 -ι--
1823 2446 2111 2463 ---ι---

344 2538 821 2657 Imprimatur
837 2597 855 2624 ,

116 2678 214 2748 Fr.
248 2676 586 2767 Gregorius
624 2683 839 2748 Selleri
892 2679 1062 2748 Sacri.
1115 2679 1472 2764 Apostolici
1504 2677 1732 2743 Palatii
1766 2666 2114 2758 Magister,>

119 2820 121 2823 Α
197 2763 472 2836 Ordinis
502 2771 1014 2840 Praedicatorum.
