2295 3757
336 139 633 206 Doctores
651 137 786 226 post
808 140 1175 206 Tratstatum
1193 139 1273 204 de
1290 141 1721 226 Qindenniis
1742 192 1755 207 .
1842 168 1957 231 501

84 255 120 290 G
147 265 214 299 per
228 264 339 289 annos
352 253 548 300 quindecim
561 252 690 288 circiter
703 277 711 291 ‚
727 252 759 287 in
773 265 844 300 quo
856 251 964 304 spa-tio
980 251 1031 287 su-

158 313 216 348 ptr
231 302 323 337 dieta
336 304 484 346 allegata
509 300 769 335 immemorabili
795 302 882 336 data:
896 303 1028 334 luerunt

158 349 346 394 positiones
361 374 369 387 ,
396 360 452 392 per
473 346 642 382 Minillros
656 346 850 383 Cameralcs
876 356 1002 391 negatae
1017 369 1028 385 ,

155 397 343 441 cede-mque
357 395 500 441 repetirae
513 397 590 429 loco
603 393 821 430 articulorum
833 407 895 442 pro
907 393 1029 429 lacien-

158 444 204 478 da
219 442 421 488 probatione
431 467 439 481 ‚
451 441 494 477 ad
507 451 609 488 quam
624 452 690 475 non
704 442 748 476 cst
760 443 943 477 deventum
961 464 971 479 ‚
984 440 1027 476 de

160 499 254 525 anuo
275 494 375 535 1587.
401 500 477 525 cum
490 488 696 522 auctoritate
713 487 929 534 vice-Legati
945 487 1029 522 inita

158 535 419 573 fuitconcordia
431 561 440 575 ‚
456 547 512 581 pet
526 545 629 581 quam
646 533 1027 578 Communitas‚solutis

163 596 224 630 pro
250 596 315 619 una
328 584 396 618 vice
411 582 508 618 scutis
520 593 557 624 25
567 581 728 626 promisit
745 580 866 617 solvere
876 581 1028 629 quolibet

159 632 329 666 novennio
344 633 501 665 Florenos
524 641 578 663 12.
605 628 652 662 ita
671 628 822 664 Cavntrae
835 628 1026 664 dominium

162 676 434 723 recognoscendo
445 701 454 715 ,
469 676 626 721 dietaque
638 677 822 711 concordia
836 675 1027 712 effetum-2

159 724 338 774 pacificum
350 721 465 759 sortita
474 723 518 758 est
534 734 589 767 per
603 734 712 757 annos
722 724 1026 769 oc‘ttraginta.cu111

161 780 278 809 autem
289 771 331 805 de
345 782 435 806 anno
453 775 534 812 1665
546 796 551 802 .
564 781 619 815 per
633 771 863 805 Alexandrum
880 769 1027 806 Vll.sivex

157 831 215 867 per
229 817 449 853 cardinalem
477 817 630 852 Clusium
656 827 735 851 tunc
760 818 923 862 Legatum
939 820 1027 857 Ave-

154 864 349 902 -nionensem
361 876 439 899 cum
454 874 537 900 voto
563 865 853 909 Congrcgationis
880 862 1027 899 Avenio-

159 913 286 953 nensis,
307 912 488 948 accedente
500 910 588 947 forre=
599 923 736 957 quoque
756 912 836 947 dieti
853 910 1028 947 Pontificis

157 961 300 997 oraculo
313 985 322 999 ‚
346 959 508 1004 generalis
525 969 697 994 revocatlo
720 955 811 994 fasta
831 957 940 993 fuisset
953 968 1028 992 om-

159 1007 255 1044 nium
269 1008 453 1052 gratiarum
466 1033 474 1047 ‚
489 1011 521 1043 &
534 1006 830 1042 condonationum
842 1029 852 1044 ,
866 1002 918 1040 seu
929 1003 1028 1039 redu-

160 1055 314 1091 &ionum
328 1053 492 1089 &aarum
507 1066 564 1100 per
578 1057 620 1089 V.
634 1053 780 1097 Legatos
802 1063 864 1096 pro
875 1061 1027 1097 tempore

159 1113 202 1138 ex
214 1100 346 1138 defestu
361 1102 440 1136 eoru
455 1102 628 1146 potestatis
641 1112 650 1139 ;
662 1100 752 1135 Hinc
763 1099 805 1135 de
817 1110 909 1135 anno
926 1102 1028 1141 1667.

161 1148 310 1185 Ministri'
331 1148 525 1184 Camerales
543 1148 761 1184 obtinuerunt
783 1150 803 1180 a
827 1145 945 1193 Iudice
960 1146 1028 1181 in„

160 1196 319 1233 Partibus
330 1194 534 1235 sententiam,
551 1205 720 1241 perquam
733 1193 850 1238 vigore
864 1194 960 1244 diotae
974 1204 1030 1238 ge-

160 1242 283 1279 neralis
297 1243 527 1278 revocationis
547 1243 640 1279 dieta
652 1240 838 1277 concordia
864 1242 1008 1276 caflatur
1019 1265 1029 1280 ,

159 1299 264 1337 atque
271 1289 519 1326 condemnatur
529 1288 770 1324 Communitas
781 1289 826 1323 ad
837 1285 1031 1323 solvendum

161 1339 281 1374 omnia
293 1336 462 1372 novennia
473 1336 610 1372 decursa
623 1336 642 1370 a
656 1335 752 1370 disto
764 1347 854 1371 anno
871 1339 970 1378 ¹537·
985 1326 1030 1370 a⁸d

159 1382 298 1432 praesens
309 1383 478 1428 liquidata
491 1383 525 1418 in
545 1381 647 1419 scutis
663 1385 872 1428 5028.atque
887 1393 944 1428 per
954 1392 1031 1416 ean-

158 1434 239 1473 dem
253 1429 564 1475 Congregationem
589 1430 625 1466 in
638 1429 731 1465 Urbe
744 1454 755 1470 ‚
781 1442 849 1466 non
873 1429 1029 1465 obstante

159 1476 389 1524 appellatione
403 1501 412 1517 ,
428 1476 479 1512 sen
492 1477 622 1513 recursu
637 1501 647 1516 ‚
659 1477 869 1513 demandata
882 1488 1030 1523 exequu-

158 1526 253 1562 tione
266 1548 276 1564 ,
299 1523 484 1570 procelsum
497 1522 560 1560 fuit
583 1525 628 1560 ad
639 1523 924 1560 subhastationem
938 1534 1026 1571 quo-

158 1571 306 1611 rundam
319 1571 536 1616 praediorum‚
551 1583 626 1618 quae
638 1569 769 1606 suerunt
781 1570 965 1608 deliberata
978 1569 1033 1616 Iu-

160 1618 232 1659 dici
244 1616 372 1657 Causae,
386 1617 571 1664 habitoque
582 1617 711 1655 recursu
722 1629 777 1660 per
792 1616 1034 1654 Commuuita-

160 1676 235 1703 tem
253 1665 300 1701 ad
312 1664 441 1700 dietam
449 1665 762 1712 Congregationem
783 1690 794 1706 ,
819 1676 861 1702 ac
872 1665 959 1701 dato
970 1665 1034 1701 du·

161 1713 242 1753 bio,
263 1712 306 1747 de
318 1712 414 1748 cuius
428 1712 525 1749 bono
546 1713 616 1747 iure
635 1712 803 1748 constaret
817 1737 828 1752 ,
855 1716 888 1748 δε
899 1712 945 1748 ad
958 1710 1034 1747 effe-

159 1761 254 1796 c‘tum
267 1759 534 1796 manutentionis
543 1786 552 1800 ,
566 1759 610 1796 de
621 1770 712 1796 anno
727 1764 827 1803 1672.
840 1759 971 1805 prodiit
983 1770 1034 1794 re·

156 1806 282 1846 solutio
296 1830 306 1845 ,
331 1806 483 1842 constare
509 1808 550 1843 de
563 1807 658 1843 bono
679 1808 750 1849 jure
773 1808 922 1844 Camerae
942 1806 1033 1842 circa

156 1851 419 1895 invaliditatem,
432 1865 474 1890 ac
485 1854 706 1891 resciffionem
720 1853 818 1891 dietae
829 1853 1032 1894 concordiae,

156 1899 327 1937 reservato
341 1899 454 1937 videre
465 1901 508 1936 de
520 1902 595 1937 aliis
608 1901 886 1938 concernentibus
897 1901 1032 1937 nullita-

96 1973 100 1979 .
158 1958 228 1985 tem
237 1947 503 1983 subhastationis
514 1949 646 1984 ratione
657 1947 803 1984 excessus
815 1972 825 1987 ,
850 1950 899 1984 vel
917 1948 1031 1994 quia,

156 1994 251 2031 facta
262 1993 338 2030 esset
358 1994 557 2032 deliberatio
579 1995 691 2042 Indici
703 2019 714 2034 ,
740 1995 948 2041 obtentaque
974 2006 1032 2039 per

157 2040 444 2078 Commiffionem
467 2043 512 2079 ab
522 2040 731 2079 Eminentiss.
743 2042 920 2078 Cardinali
930 2042 1032 2088 Cybo

155 2099 251 2124 novo
263 2089 395 2134 Legato
419 2101 511 2127 nova
524 2089 699 2127 audientia
719 2087 876 2125 adversus
899 2089 1030 2125 dietam

157 2134 516 2183 resolutionem‚atque
528 2137 702 2183 propofita
712 2134 826 2173 Causa
837 2135 895 2172 sub
905 2136 961 2172 die
976 2149 989 2173 1
997 2141 1031 2174 6.

158 2181 366 2230 Septembris
382 2183 665 2227 1677.di1atafuit
675 2181 834 2220 resolutio
845 2210 855 2226 ,
871 2195 1033 2230 repropo-

158 2231 223 2266 fita
235 2230 315 2265 vero
328 2228 438 2266 Causa
452 2229 510 2267 sub
524 2230 579 2266 die
592 2231 795 2275 7.O&obris
807 2230 973 2279 sequentis
984 2243 1033 2267 re-

159 2276 318 2312 cedendo
343 2275 527 2313 aresolutis
541 2302 551 2318 ,
570 2277 750 2315 resolutum
768 2277 832 2314 fuit
846 2303 856 2319 ,
879 2289 1033 2315 manute-

157 2323 307 2359 nendam
319 2322 380 2358 effe
393 2323 692 2367 Communitatem
712 2326 748 2363 in
759 2325 956 2372 poffeffione
968 2327 1034 2363 bo-

157 2382 280 2406 norum
293 2368 563 2408 subhastatorum
576 2388 586 2407 .-

205 2419 246 2452 In
258 2417 310 2452 his
321 2417 436 2462 itaque
449 2418 583 2455 duabus
594 2419 723 2458 ultimis
732 2419 1031 2468 disputationibus,

159 2463 197 2500 in
213 2465 340 2509 quibus
352 2476 418 2510 ego
429 2465 463 2500 in
475 2465 536 2502 ista
548 2468 829 2515 Congregatione
841 2469 1004 2506 interveni
1020 2493 1031 2509 ‚

163 2511 320 2565 votando
338 2512 494 2548 dicebam
507 2537 517 2552 ‚
542 2514 639 2560 quod
658 2528 720 2562 pro
732 2516 932 2553 methodico
955 2528 1035 2552 exa-

161 2569 254 2612 mine
267 2558 382 2594 Causa.-
395 2585 404 2599 ,
425 2563 459 2594 &
471 2560 650 2608 adaeqnata
668 2565 740 2608 eius
753 2561 954 2601 resolutione
966 2573 1035 2600 tres

163 2605 369 2641 videbantur
381 2605 596 2644 efformandae
619 2609 844 2656 inspeffiones
857 2637 867 2651 ‚
889 2622 1035 2657 quarum

161 2663 230 2688 una
242 2652 318 2688 esset
331 2651 510 2699 respeaive:
522 2657 660 2693 alterius
673 2656 915 2705 consequutiva
929 2683 938 2693 .
965 2659 1036 2693 Pri-

162 2700 225 2735 ιηό
239 2699 361 2746 nempe*
373 2725 382 2739 ‚
407 2712 449 2735 an
463 2701 555 2738 dieta
568 2704 754 2740 concordia
765 2704 901 2741 caderet
913 2703 973 2740 snb
984 2704 1037 2741 di-

164 2748 220 2782 eta
231 2748 379 2792 generali
392 2749 619 2790 revocatione,
629 2751 718 2787 adeo
732 2761 769 2787 ut
783 2763 845 2798 pro
857 2751 1010 2788 invalida
1024 2778 1035 2793 ,

162 2797 197 2829 &
210 2794 296 2830 cassa
310 2794 466 2831 habenda
477 2794 555 2832 effet
569 2822 578 2838 ,
599 2799 649 2832 vel
661 2798 776 2842 potins
788 2797 950 2836 censenda
960 2799 1038 2835 esset

161 2841 287 2881 valida,
301 2846 333 2877 ὃ(
343 2842 363 2877 a
375 2842 469 2877 dieta
482 2854 514 2878 re
520 2844 695 2880 vocatoria
704 2844 1038 2891 exempta‚secundo,

160 2892 330 2935 quatenus
353 2889 460 2925 verior
478 2888 557 2925 esset
570 2891 677 2936 prima
699 2902 779 2938 pars
800 2904 865 2939 pro
880 2904 1038 2939 compre-

160 2934 318 2972 henfione
330 2961 340 2976 ,
364 2947 403 2972 ac
417 2937 601 2973 invalidate
614 2962 624 2977 ‚
642 2949 686 2973 an
697 2938 811 2974 adhuc
823 2940 960 2986 procedi
974 2950 1037 2985 po-

160 2984 263 3018 tuerit
274 2995 336 3029 pro
345 2984 524 3021 laudemiis
535 2983 681 3021 decursis
691 2985 713 3021 a
721 2985 817 3021 dieto
827 2997 920 3022 anno
932 2998 946 3021 1
954 2997 969 3029 ς
977 2989 1036 3030 87.

160 3029 204 3065 ad
219 3030 391 3075 praefatam
405 3031 667 3080 exequutionem
680 3058 690 3067 .
717 3033 761 3067 Et
771 3033 872 3068 tertio
883 3057 893 3073 ,
915 3042 1035 3079 quate-

161 3076 225 3128 nus
235 3078 374 3122 procedi
387 3080 548 3124 potuerit,
559 3090 602 3114 an
611 3079 724 3115 adhuc
736 3077 944 3115 subhastatio
956 3078 1035 3115 esset

161 3124 312 3161 invalida
322 3125 454 3162 ratione
467 3128 623 3167 excessus,
640 3129 689 3162 vel
701 3125 784 3173 quia
793 3123 884 3162 faeta
894 3125 972 3161 esset
986 3126 1035 3170 ad

162 3167 315 3220 fayorem
338 3172 468 3219 Iudicis
480 3200 489 3209 .
515 3173 585 3209 Ubi
598 3175 723 3210 etenim
736 3175 770 3210 in
794 3173 906 3220 prima
927 3171 1035 3218 inspe-

163 3217 275 3252 ctione
291 3220 534 3257 Communitas
546 3219 671 3257 foveret
685 3221 814 3257 bonum
828 3222 881 3262 jus
894 3244 905 3258 ,
918 3219 1033 3265 quia,

162 3263 285 3307 nempe*
297 3268 481 3303 concordia
507 3268 587 3304 esset
601 3268 712 3304 valida
723 3294 731 3309 ‚
757 3271 791 3302 &
804 3267 904 3302 firma
917 3292 927 3307 ‚
941 3265 1033 3302 adeo

163 3318 200 3343 ut
215 3321 282 3345 non
294 3311 430 3349 caderet
441 3313 498 3350 sub
509 3315 731 3354 revocatoria‚
744 3325 825 3350 tunc
834 3315 969 3350 inanem
980 3312 1034 3348 di-

161 3357 283 3392 cebam
295 3356 356 3393 esse
368 3360 515 3398 laborem
529 3373 628 3408 agere
641 3362 685 3398 de
698 3362 840 3398 secunda
851 3387 860 3402 ,
872 3365 905 3396 &
919 3359 1034 3400 tertia;

160 3403 207 3439 Et
218 3405 387 3451 quatenus
409 3406 447 3443 in
469 3409 580 3454 prima
594 3408 725 3448 foveret
746 3411 876 3448 malum
903 3410 958 3454 jus
968 3419 1034 3454 pro

1089 261 1242 300 tempore
1255 252 1370 290 futuro
1381 279 1390 294 ‚
1403 253 1531 291 foveret
1543 265 1656 291 autem
1667 257 1794 292 bonum
1808 269 1868 302 pro
1881 270 1962 294 tcm-

1087 312 1166 346 pore
1183 301 1322 338 decurso
1335 302 1415 337 ante
1429 303 1520 339 litem
1536 329 1544 344 ‚
1561 303 1669 338 inanis
1683 304 1777 339 labor
1793 303 1868 339 esset
1883 317 1961 350 agc-

1089 359 1122 382 re
1136 349 1176 384 de
1191 348 1290 385 tertia
1303 374 1313 388 ‚
1333 349 1378 384 ad
1391 360 1494 395 quam
1508 361 1577 385 non
1592 350 1651 386 nisi
1667 362 1730 396 pro
1745 351 1868 386 ultimo
1880 351 1963 386 refu-

1087 394 1148 439 gio
1160 396 1398 432 recurrendum
1413 397 1459 432 est
1475 422 1485 437 ,
1499 401 1602 442 &per
1614 397 1820 444 consequens
1835 422 1844 437 ,
1866 398 1961 444 quod

1087 452 1157 476 non
1179 443 1356 478 videbatur
1377 453 1613 490 opportunum
1638 455 1757 481 omnes
1778 445 1838 480 has
1863 443 1966 490 inspe·

1087 488 1218 525 ctiones
1233 489 1365 526 insimul
1378 493 1548 528 cumulare
1563 516 1574 531 ,
1597 491 1776 537 ptaesertim
1789 491 1960 528 tertiam-.-

1087 536 1200 582 magis
1213 537 1401 573 involutam
1414 562 1422 578 ,
1436 540 1559 583 utpote
1571 540 1807 576 consistentem
1822 540 1854 574 in
1868 537 1964 574 faeta

1087 584 1289 630 praediorum
1300 587 1534 629 tnaJ'orem‚vel
1546 587 1710 622 minorem
1722 587 1962 634 quantitatem,

1086 641 1126 666 ac
1143 633 1306 674 maiorem
1321 657 1331 671 ,
1350 633 1399 667 vel
1410 633 1576 668 minorem
1593 633 1727 669 illorum
1744 636 1894 670 valorem
1907 658 1916 672 ‚
1943 634 1964 667 :i

1085 678 1209 724 quibus
1222 679 1345 725 pendet
1369 679 1551 726 liquidatio
1573 681 1679 717 debiti
1697 707 1707 722 ,
1728 685 1761 717 δε
1776 693 1833 726 per
1850 677 1963 717 conse-

1087 736 1195 771 quens
1211 725 1355 762 excelsus
1369 752 1378 762 .

1124 774 1315 824 Quatenus
1339 775 1456 821 itaque
1482 773 1607 821 spectat
1632 775 1678 811 ad
1701 775 1845 823 primam
1860 773 1965 821 inspe-

1086 819 1233 854 &ionem
1247 844 1256 859 ,
1282 832 1327 856 an
1354 822 1540 859 concordia
1555 823 1594 858 sit
1609 823 1722 859 valida
1736 848 1745 863 ,
1772 824 1820 859 ita
1843 833 1880 858 nt
1895 833 1964 857 non

1085 867 1390 910 comprehen‹.'atur
1404 867 1461 904 sub
1474 871 1685 906 revocatoria
1699 896 1708 910 ‚
1727 873 1776 906 vel
1791 872 1810 906 c*
1823 880 1963 906 conver-

1086 910 1122 947 so
1132 913 1172 947 fit
1186 913 1345 955 invalida,
1358 925 1396 951 ut
1408 917 1960 963 comprehendatunadvertebam,

1085 959 1183 1004 quod
1198 960 1340 997 materia
1353 963 1540 1008 regulanda
1551 963 1628 1000 esset
1641 976 1718 1000 cum
1730 964 1770 1000 iis
1785 991 1794 1006 ,
1817 976 1890 1011 quae
1904 963 1963 998 ha-

1086 1006 1204 1042 bemus
1220 1009 1254 1042 in
1268 1008 1549 1046 transactionibus
1559 1010 1652 1047 initis
1665 1024 1721 1058 pet
1735 1023 1794 1048 eos
1810 1035 1819 1051 ‚
1833 1011 1894 1057 qui
1905 1011 1965 1046 ha-

1085 1054 1167 1106 bent
1176 1056 1350 1102 quandam
1364 1056 1688 1095 administrationem
1704 1084 1713 1099 ,
1727 1058 1783 1094 sed
1793 1059 1867 1095 sunt
1879 1069 1959 1104 pro-

1086 1101 1183 1136 hibiti
1206 1101 1313 1137 facere
1338 1104 1547 1140 voluntarias
1570 1106 1697 1142 laesivas
1715 1105 1938 1142 alienationes
1951 1131 1962 1146 ‚

1088 1150 1138 1183 vel
1154 1148 1400 1185 diminutiones
1413 1177 1423 1193 ‚
1434 1161 1473 1186 ut
1487 1150 1631 1198 sequitur
1643 1153 1674 1187 in
1689 1152 1860 1200 possessore
1878 1155 1963 1186 Ptae-

1090 1197 1216 1236 laturae,
1229 1195 1280 1232 seu
1294 1197 1447 1233 Beneficii
1462 1199 1678 1236 Ecclesiastici
1695 1225 1705 1239 ,
1725 1199 1830 1235 autin
1847 1194 1965 1245 posses-

1091 1241 1161 1278 sore
1175 1241 1286 1284 feudi,
1302 1247 1352 1281 vel
1365 1246 1654 1292 Emphyteufis'ex
1668 1248 1769 1293 pafto
1781 1273 1789 1286 ‚
1807 1251 1838 1281 δε
1853 1245 1964 1292 provi-

1091 1289 1207 1326 dentia
1222 1314 1232 1330 ,
1254 1291 1321 1326 five
1340 1291 1374 1327 in
1385 1292 1559 1338 possessore
1574 1292 1824 1330 fideicommiffi
1836 1318 1846 1332 ,
1871 1292 1968 1338 quod

1090 1336 1210 1372 scilicet
1222 1336 1378 1374 resolutio
1391 1339 1515 1385 pendet
1530 1342 1549 1375 a
1563 1341 1655 1378 bona
1667 1366 1678 1382 ,
1701 1343 1750 1377 vel
1772 1342 1864 1376 mala
1875 1339 1944 1375 fide
1957 1365 1967 1380 ‚

1091 1384 1147 1419 ubi
1169 1385 1292 1420 etenim
1319 1385 1411 1422 bona
1424 1385 1491 1421 fide
1505 1387 1592 1424 inita
1606 1389 1646 1424 sit
1659 1413 1670 1428 ,
1699 1399 1780 1424 tunc
1795 1388 1882 1422 valet
1896 1411 1905 1425 ‚
1927 1397 1969 1421 ac

1087 1430 1199 1466 afficit
1222 1435 1400 1478 tamquam
1424 1433 1517 1479 gesta
1527 1446 1589 1478 per
1614 1434 1808 1481 legitimum
1819 1432 1969 1470 admini-

1087 1478 1263 1514 stratorem
1277 1503 1287 1518 ,
1301 1479 1392 1515 secus
1405 1490 1520 1515 autem
1533 1493 1542 1520 ς
1554 1481 1613 1516 nbi
1627 1493 1705 1518 cum
1716 1483 1804 1516 mala
1819 1505 1830 1520 ,
1851 1480 1968 1516 curm,

1090 1534 1171 1560 tunc
1183 1526 1316 1562 dicatur
1331 1527 1520 1564 voluntaria
1531 1552 1541 1567 ‚
1555 1532 1588 1564 &
1603 1528 1718 1565 illicita
1733 1526 1906 1567 alienatio,
1921 1525 1965 1562 ab

1091 1571 1252 1608 affectato
1266 1575 1434 1611 vocabulo
1447 1575 1636 1610 concordiae
1649 1575 1800 1620 palliata,
1815 1586 1856 1610 ex
1870 1573 1968 1620 plene

1091 1620 1248 1655 deductis
1255 1620 1316 1663 sub
1329 1623 1380 1656 tit.
1393 1624 1430 1657 dc
1439 1624 1535 1658 Feud.
1548 1623 1684 1668 disc-49·
1694 1625 1738 1660 (θ’
1752 1633 1830 1666 135-
1841 1620 1901 1665 sub
1913 1622 1967 1656 tic.

1090 1667 1128 1703 de
1140 1668 1336 1715 Emphyteus.
1350 1670 1442 1712 disc.5
1452 1683 1481 1704 2.
1495 1673 1538 1706 (5-
1546 1668 1606 1712 sub
1619 1673 1670 1705 tit.
1682 1672 1719 1705 de
1726 1667 1748 1711 fi
1753 1671 1880 1704 iescam.
1893 1670 1968 1711 dilc-

1091 1725 1233 1758 73.cum
1246 1715 1330 1761 plur.
1337 1715 1428 1764 seqq.
1451 1726 1552 1764 atque
1574 1717 1622 1752 est
1644 1715 1846 1764 principium
1862 1713 1969 1750 hodie

1091 1761 1355 1806 receptissimum
1371 1787 1380 1794 .
1862 1777 1866 1779 ’

1137 1809 1236 1844 Bona
1249 1809 1328 1846 vero
1340 1834 1349 1849 ‚
1365 1812 1412 1846 vel
1424 1812 1513 1847 mala
1526 1810 1611 1848 fides
1624 1811 1796 1858 regulatur
1810 1809 1831 1845 a
1845 1808 1967 1844 dubie-

1091 1864 1161 1891 tate
1180 1855 1270 1896 litis,
1293 1866 1396 1904 atque
1422 1859 1477 1894 ubi
1502 1858 1600 1894 resin
1622 1859 1787 1903 ambiguo
1799 1857 1839 1892 fit
1853 1882 1863 1897 ‚
1884 1865 1965 1891 tunc

1058 1946 1061 1947 ⁷
1090 1901 1304 1951 praesumptio
1314 1905 1429 1951 potius
1443 1905 1560 1942 assistit
1574 1906 1669 1943 bonae
1680 1905 1760 1940 fidei
1775 1930 1785 1945 ,
1798 1903 1965 1950 quoniam

1090 1951 1125 1986 in
1136 1949 1244 1986 dubio
1256 1950 1520 1999 praesumendum
1535 1965 1603 1990 non
1617 1955 1663 1989 est
1678 1952 1850 1990 deliaum,
1865 1959 1904 1986 ut
1917 1952 1969 1984 lo-

1089 1996 1138 2033 cis
1150 1997 1279 2038 citatis;
1293 2000 1426 2036 Clarius
1439 2001 1519 2036 vero
1530 2026 1539 2041 ‚
1565 2000 1620 2036 ubi
1638 1999 1708 2036 aliae
1722 1999 1890 2035 accedant
1906 1997 1968 2033 cir-

1089 2044 1298 2082 cumstantiae
1308 2047 1451 2083 eandem
1462 2047 1590 2083 bonam
1599 2046 1700 2082 fidem
1713 2044 1902 2091 praesumere
1913 2041 1962 2079 fa-

1088 2092 1215 2128 cientes
1228 2118 1238 2132 ,
1264 2097 1299 2129 &
1311 2094 1577 2139 comprobantes
1590 2119 1600 2134 ,
1624 2104 1662 2130 ut
1677 2093 1710 2129 in
1724 2090 1870 2138 praesenti
1881 2102 1967 2126 con-

1089 2139 1226 2186 tingit.·
1240 2140 1359 2177 Primo
1373 2143 1493 2188 nempe*
1505 2165 1516 2181 ‚
1540 2141 1636 2189 quod
1651 2141 1691 2176 fit
1703 2140 1868 2176 diuturno
1881 2148 1966 2173 tem·

1090 2198 1173 2233 pore
1187 2187 1364 2225 observata
1375 2214 1384 2228 ‚
1397 2190 1563 2234 quoniam
1573 2188 1734 2224 diuturna
1746 2183 1961 2222 observantia

1091 2235 1139 2270 est
1153 2246 1318 2281 magnum
1329 2236 1424 2271 bonae
1438 2235 1518 2272 fidei
1530 2244 1768 2281 argumentum
1787 2257 1797 2268 .
1809 2230 1966 2268 Secundo

1088 2281 1136 2318 ob
1147 2283 1349 2328 qualitatem
1362 2281 1579 2328 personarum
1592 2307 1601 2322 ‚
1614 2281 1697 2317 dum
1710 2280 1824 2326 agitur
1833 2279 1876 2315 de
1888 2280 1967 2332 astu

1089 2329 1179 2365 inito
1193 2340 1233 2365 ex
1244 2340 1338 2375 parte
1351 2330 1501 2366 Camerae
1511 2341 1570 2375 per
1584 2329 1828 2374 Vicelegatum‚
1841 2337 1901 2372 qm
1916 2325 1964 2360 est

1091 2379 1274 2416 Praelatus‚
1299 2388 1341 2413 ac
1357 2377 1572 2423 Magistratus
1585 2375 1729 2411 nimium
1741 2372 1908 2413 eximius,
1935 2376 1970 2407 &

1090 2422 1328 2469 qualificatus,
1351 2427 1384 2459 δι
1408 2435 1464 2469 per
1482 2434 1537 2459 tot
1553 2422 1736 2459 officiales
1749 2420 1969 2460 Camerales‚

1091 2470 1151 2516 qui
1163 2482 1281 2506 omnes
1295 2470 1568 2518 praesupponendi
1581 2470 1654 2506 sunt
1665 2470 1726 2505 viti
1741 2467 1851 2514 probi,
1863 2472 1898 2503 δι
1912 2467 1964 2502 di-

1092 2518 1246 2563 ligentes,
1256 2518 1341 2554 dum
1353 2519 1450 2554 Sedes
1460 2521 1485 2552 A
1490 2517 1658 2565 postolica
1671 2516 1720 2553 eis
1733 2513 1964 2568 negotia-loun-

1093 2566 1139 2609 ge
1153 2565 1293 2608 majoris
1313 2565 1540 2610 importantiae
1553 2591 1563 2606 ‚
1586 2568 1621 2600 δε
1644 2563 1726 2600 fidei
1756 2571 1946 2598 committit
1959 2573 1970 2601 ;

1094 2614 1139 2647 Et
1151 2612 1170 2647 ἐ
1181 2609 1344 2648 converso
1356 2611 1468 2658 agitur
1481 2612 1524 2648 de
1547 2623 1691 2658 paupere
1711 2610 1973 2662 Communitate

1094 2670 1136 2696 ex
1148 2658 1307 2699 rudibus,
1321 2662 1354 2694 &
1365 2658 1570 2705 simplicibus
1586 2659 1665 2695 viris
1678 2657 1794 2704 potius
1809 2656 1972 2692 constitu-

1094 2716 1134 2741 ta
1144 2731 1156 2746 ‚
1179 2705 1323 2752 ideoque
1336 2717 1500 2751 magnum
1512 2705 1634 2742 exinde
1645 2704 1782 2741 resultat
1796 2714 1973 2748 argumen-

1095 2763 1171 2790 tum
1182 2778 1192 2788 .
1216 2753 1337 2789 Tertio
1366 2754 1412 2789 ob
1433 2753 1690 2789 diuturnitatem
1711 2751 1781 2788 litis
1808 2752 1946 2797 peraetae
1957 2772 1970 2788 2

1095 2800 1180 2835 dum
1190 2800 1248 2836 illa
1259 2799 1398 2838 duravit
1411 2799 1557 2836 indecisa
1571 2798 1681 2846 spatio
1699 2812 1712 2835 ι
1722 2810 1752 2844 5.
1765 2807 1970 2834 annorum-2

1095 2846 1229 2883 circiter
1242 2872 1252 2882 .
1275 2845 1432 2894 QatttB,
1442 2846 1524 2893 quia
1537 2847 1622 2883 inter
1636 2845 1857 2883 concordiam
1868 2853 1969 2895 gene-.-

1094 2895 1201 2930 ralem
1215 2918 1226 2935 ‚
1246 2894 1390 2931 &istam
1414 2895 1651 2940 particularem
1663 2891 1861 2929 effluxerunt
1887 2900 1968 2924 aum

1120 2940 1326 2987 uadraginta
1337 2942 1451 2981 ttes,in
1464 2953 1612 2989 quorum
1622 2939 1731 2986 spatio
1743 2940 1887 2972 Camera
1898 2947 1969 2971 non

1093 2952 1197 3023 aocet
1208 2988 1250 3024 de
1265 2989 1378 3037 aliqua
1387 2989 1556 3025 solutione
1570 3013 1580 3027 ‚
1599 2987 1695 3034 quod
1712 2984 1759 3021 est
1769 2993 1970 3036 magnum...

1092 3044 1332 3080 argumentum
1344 3036 1511 3072 libertatis
1531 3037 1682 3079 allegatae
1696 3058 1705 3072 ,
1733 3034 1766 3066 &
1780 3032 1969 3066 articulate

1094 3091 1152 3128 pet
1166 3083 1462 3120 communitatem
1473 3108 1484 3117 .
1505 3078 1736 3128 Qnto,quia
1747 3089 1787 3112 ex
1801 3087 1893 3119 parte
1903 3076 1971 3111 Ca·

1086 3139 1190 3165 merae
1204 3128 1351 3166 exhiberi
1362 3130 1522 3166 deberent
1534 3129 1665 3171 integra
1679 3126 1756 3160 acta
1770 3121 1897 3170 prefate²
1911 3135 1971 3177 an-

1092 3174 1196 3220 tiquae
1211 3177 1279 3212 litis
1291 3202 1302 3217 ,
1328 3176 1395 3212 fine
1410 3175 1533 3221 quibus
1548 3170 1753 3216 impossibile
1768 3171 1814 3206 est
1829 3182 1971 3206 convin-

1091 3232 1165 3257 cere
1178 3222 1326 3263 eiusdem
1339 3223 1407 3258 litis
1420 3220 1618 3265 injustitiam
1634 3243 1643 3259 ‚
1660 3222 1694 3255 δε
1706 3220 1831 3254 malam
1844 3217 1948 3253 fidem
1960 3241 1971 3253 .

1091 3269 1136 3302 Et
1147 3267 1242 3304 sexto
1253 3293 1263 3309 ‚
1274 3269 1440 3315 quoniam
1452 3292 1462 3307 ‚
1487 3266 1575 3303 ultra
1590 3265 1719 3302 dietam
1733 3265 1969 3311 exceptionem

1091 3316 1296 3350 relevantem
1307 3339 1317 3355 ,
1331 3327 1405 3362 quae
1419 3313 1554 3351 resultat
1569 3313 1614 3349 ab
1627 3312 1766 3360 ipsamet
1776 3311 1972 3349 transactio·

1094 3372 1137 3397 ne
1148 3362 1292 3407 generali
1301 3364 1433 3398 ratione
1456 3359 1663 3409 pofl‘effionis
1675 3363 1873 3397 centenaria:
1885 3384 1895 3399 ‚
1923 3359 1972 3393 vel

1094 3408 1377 3450 immemorabilis
1407 3411 1621 3458 quamplures
1647 3409 1734 3446 alias
1756 3414 1972 3459 exceptxou‘cs

1853 3462 1932 3490 tete·
