2295 3757
297 96 333 156 8
777 92 809 158 J
813 95 1030 156 oannis
1055 87 1263 168 Lopez
1280 80 1360 146 de
1381 85 1617 154 Leone,

236 220 276 250 17
306 213 408 252 Eques
422 204 723 251 Hierosolymitanut
738 228 746 242 ,
761 205 799 242 ob
812 199 1086 249 mutationemsbi'l
1101 221 1111 230 ο

237 267 250 290 1
260 260 277 290 ὃ
305 255 439 288 Clericus
449 276 459 291 ,
471 251 510 287 oh
523 250 676 296 difficilem
688 258 925 289 conventionem
938 278 944 287 .

238 313 279 345 19
306 301 495 344 Capitaneus
510 323 518 338 ‚
543 308 584 334 er
600 299 690 332 miles
701 323 710 334 .

232 361 276 383 20
302 349 442 393 Pauper,
459 349 507 381 uti
520 349 714 392 impotentior
727 373 736 387 ,
752 352 794 386 ct*
807 348 845 384 ob
852 349 918 392 fori
928 349 1152 384 mutationem.

232 408 272 430 τι
302 393 433 436 Ecclesia
448 396 578 428 retinere
591 405 649 428 non
657 396 751 439 potcsl
759 397 893 440 scuditm
909 420 919 430 .

234 456 277 478 22
301 439 375 484 ‘Nisi
382 441 515 483 sendum
527 438 547 473 a*
558 445 642 484 Rege
648 440 690 484 sit
700 454 857 478 annexum
870 468 878 482 ‚
900 454 938 478 ac
958 441 1150 489 concessum-s

352 488 490 532 Ecclesia:
505 512 513 526 ,
525 497 574 520 cut
583 486 683 533 presit
695 489 925 534 Ecclesiasticus
939 514 949 524 .

235 552 274 585 23
304 544 339 573 In
354 536 520 618 Get-{mania
533 534 775 584 archiepiscopi
794 534 978 585 ampliffima
1006 533 1152 585 poffident

346 586 408 628 seu.
422 595 440 617 a
454 605 463 616 .

236 647 281 678 :4
306 632 436 676 scelesta
451 628 488 672 csl
501 638 604 674 capax
611 632 702 676 feudi
711 632 846 668 alterius
862 633 998 679 Ecclesia·
1014 658 1024 668 .

236 696 253 718 2
262 695 275 722 5
305 682 414 716 clerici
440 678 611 721 Regulares
623 684 649 714 T
649 679 768 714 heatini
780 704 789 720 ,
809 681 880 716 licet
895 684 1013 727 vigore
1026 680 1151 724 Regula:

351 728 478 761 retinere
489 735 641 771 nequeant
649 725 778 768 siabilia
791 753 800 766 ,
825 728 884 762 illa
894 734 999 762 tamen
1014 729 1150 760 vendere

352 781 466 822 queunt
478 774 518 807 aci
531 769 670 817 effetittm
680 774 878 821 consequendi
901 773 1150 817 <estimationem

349 832 404 866 pro
418 821 552 866 propriis
564 821 763 865 indigentiis.

238 876 279 907 :6
303 870 526 905 Theatinorum
537 867 658 911 Religio
669 879 722 901 nec
734 876 787 911 per
798 865 1005 912 profeffionem
1018 879 1087 907 ,nec
1097 876 1153 914 per

351 922 461 951 Sacros
477 918 613 948 Canones
629 913 811 959 prohibetur
825 927 946 951 annuos
969 917 1108 951 redditus
1122 917 1153 950 in

351 963 505 997 communi
518 958 659 1004 poffiderc
673 985 683 994 .

237 1018 278 1054 27
309 1011 483 1046 Eorundem
497 1008 617 1056 Religio
630 1009 834 1045 renunciavit
840 1011 958 1055 favori
971 1009 1153 1045 S-Concilii

349 1054 536 1091 'I‘ridcntissi
549 1053 669 1094 sest-25·
683 1056 722 1091 de
741 1059 1014 1103 Rogularaeapg.
1025 1059 1154 1103 permit-

351 1107 443 1139 tentis
456 1106 487 1137 iu
500 1106 654 1138 communi
664 1102 808 1151 poffidere
817 1108 957 1141 redditus
971 1116 1090 1139 annuos
1105 1128 1115 1138 .

239 1156 280 1189 :8
306 1153 428 1197 Religio
440 1152 621 1187 Scholarum
635 1156 767 1188 Piarum
791 1155 907 1194 pariter
928 1155 1024 1188 eidem
1037 1152 1151 1195 favori

352 1200 557 1234 renunciavit
568 1222 576 1231 .

240 1259 282 1291 :9
309 1248 426 1282 Eadem
453 1247 572 1291 Religio
590 1245 693 1294 posted
714 1247 787 1293 ds'a.
801 1259 890 1284 mem.
902 1248 1076 1284 Innocentio
1090 1245 1152 1280 XI.

351 1293 521 1329 habilitata
534 1317 545 1328 .

239 1353 282 1386 30
307 1346 334 1376 E
339 1343 424 1423 adelm
438 1342 559 1386 Religio
570 1341 704 1380 obtinuit
716 1342 736 1379 ci
743 1343 1044 1388 sa.me..Alexandro
1054 1345 1084 1377 V
1086 1342 1139 1377 ΙΙΙ
1142 1365 1151 1374 .

352 1401 386 1422 cn
403 1401 483 1423 sear!
496 1413 506 1422 ο

240 1448 276 1478 31
307 1440 344 1469 In
361 1436 544 1471 alienatione
559 1437 910 1476 stabiliumrelift'orum
920 1437 1080 1481 Religioni
1102 1436 1151 1470 in-

351 1484 459 1530 capaci
468 1486 618 1520 retinendi
637 1485 674 1521 ob
684 1488 871 1532 peculiarem
885 1484 1040 1528 Regulam
1067 1494 1151 1519 non-2

350 1532 524 1577 requiritur
536 1530 764 1578 beneplacitum
777 1531 996 1578 Apostolicum
1010 1555 1020 1565 .

240 1588 281 1622 32
310 1579 432 1623 Religio
447 1580 609 1614 societatis
618 1578 699 1625 Jesu
710 1579 835 1620 siabilia
844 1576 988 1625 poffidere
1005 1578 1152 1624 nequiens

352 1628 468 1671 vigore
475 1625 608 1667 suarum
620 1626 945 1668 Constitutt'onum,illa
958 1633 1061 1659 tamen
1077 1624 1156 1658 alie-

346 1685 421 1708 nare
428 1671 521 1716 potesi
534 1674 573 1706 ad
586 1671 727 1718 effce‘ium
737 1674 914 1709 retrahendi
926 1673 1072 1716 praetium
1084 1695 1094 1704 .

240 1727 278 1761 33
308 1720 494 1766 supradicta
530 1719 726 1765 incapacitas
745 1720 943 1764 restringitur
975 1720 1016 1752 ad
1041 1724 1157 1753 Domos

347 1763 498 1810 Professas
511 1790 520 1804 ,
531 1768 643 1801 etenim
655 1774 776 1803 Domus
785 1765 992 1800 ‘probationis
1005 1788 1014 1803 ‚
1027 1767 1071 1801 (φ’
1085 1770 1109 1800 C
1110 1766 1156 1801 ol-

347 1812 431 1857 legia
439 1813 516 1854 sunt
528 1820 657 1857 capaces
669 1814 820 1848 retinendi
827 1811 956 1851 stabilia
966 1836 976 1846 .

232 1871 279 1905 34
300 1862 386 1896 Idem
399 1862 592 1905 practicatur
606 1861 639 1893 in
650 1861 761 1895 Ordine
777 1859 1018 1896 Carmelitarum
1031 1860 1155 1903 Discal-

347 1915 506 1943 ceatorum
525 1906 753 1951 Hispaniarum
766 1932 775 1941 .

235 1964 274 2000 35
303 1961 430 1990 Fratres
445 1953 643 1994 franciscani
658 1977 667 1991 ‚
691 1957 735 1990 &¹
754 1956 942 2000 Cappuccini
954 1957 1092 1990 vendere
1102 1966 1154 1989 ne-

347 1998 602 2092 jqueuntstabtlia
614 2025 624 2041 ,
637 1999 692 2045 nifi
694 2001 818 2046 favore
830 2001 1002 2042 Sachrifliae
1014 2026 1023 2041 ‚
1035 2010 1091 2037 aut
1103 2005 1158 2036 ln-

371 2057 492 2082 rmarue
506 2071 515 2080 .

241 2098 283 2138 36
309 2096 340 2129 Si
350 2098 382 2129 in
392 2093 586 2134 Invesiitura
598 2095 674 2139 adsit
686 2097 888 2141 pattumfflel
898 2101 1024 2131 Statuto
1038 2107 1156 2130 cavea·

351 2149 406 2176 tur
422 2163 431 2177 2
451 2140 528 2186 quod
550 2142 749 2188 emphyteusis
772 2155 830 2177 non
846 2144 982 2186 transeat
1009 2144 1039 2176 in
1050 2143 1158 2176 Eccle-

353 2187 432 2231 siam
446 2211 456 2225 ,
474 2195 543 2221 tunc
556 2200 608 2222 nec
621 2191 661 2223 ad
674 2187 815 2234 effectum
829 2188 1040 2227 ‘estimationis
1050 2189 1159 2224 Eccle-

349 2233 396 2278 sia
409 2235 545 2268 vendere
556 2235 648 2269 valet
657 2235 874 2280 emphyteufim
888 2260 898 2270 .

246 2294 262 2327 3
270 2295 289 2325 7
315 2282 390 2317 Tale
400 2287 524 2327 paetum
534 2280 574 2322 esi
585 2279 735 2316 validum
751 2305 761 2318 ,
771 2294 809 2316 ac
823 2282 946 2318 licitum
957 2307 967 2316 .

241 2333 284 2375 38
310 2330 342 2365 Si
350 2337 406 2375 per
414 2329 537 2372 ‘Papam
547 2326 752 2373 prohibeatur
767 2328 902 2371 Ecclefiae
918 2330 1080 2375 acquirere
1093 2341 1156 2367 em-

353 2373 524 2422 phyteusim
536 2398 547 2413 ,
570 2383 645 2408 tunc
668 2374 725 2409 illa
738 2376 875 2420 incapax
883 2374 923 2418 fit
946 2378 1040 2412 etiam
1050 2379 1156 2424 quoad

377 2431 490 2456 retium
501 2446 510 2455 .

247 2481 290 2514 39
315 2431 449 2514 Eczilesia
471 2467 584 2503 habere
603 2467 690 2504 debet
707 2467 934 2507 aslimationem
954 2471 1157 2518 emphyteusis

353 2517 463 2562 legatae
476 2539 486 2554 ,
501 2514 541 2551 ab
551 2517 666 2551 haerede
677 2517 811 2559 legantis
823 2541 832 2554 ‚
846 2517 900 2560 nisi
911 2518 1020 2563 legans
1031 2519 1155 2565 emphy-

352 2561 459 2608 teusim
470 2565 502 2599 in
512 2575 548 2599 ea
558 2564 612 2610 jus
621 2562 756 2599 habebat
776 2571 832 2609 per
842 2564 932 2599 illius
951 2564 1070 2600 obitum
1079 2564 1154 2607 fini-

352 2618 461 2645 turum
469 2636 481 2646 .

238 2669 285 2701 40
309 2657 444 2700 Ecclefia
457 2670 512 2694 non
522 2658 714 2702 solzimintra*
727 2670 862 2699 annum,
883 2659 938 2702 sed
957 2662 1052 2696 etiam
1066 2657 1153 2694 intrd

352 2704 442 2739 aliud
452 2714 573 2752 tempus
585 2708 709 2751 longius
719 2733 728 2747 ,
742 2707 800 2742 vel
809 2705 946 2741 brevius
959 2709 1038 2743 inter
1044 2715 1154 2753 partes

350 2762 542 2788 conventum
565 2756 699 2788 vendere
709 2762 830 2789 tenetur
840 2753 1055 2799 emphyteusim
1076 2754 1155 2788 alte-

353 2799 427 2833 nius
442 2824 449 2833 .
461 2798 526 2835 ta¹m
540 2799 685 2842 Ecclesia,
701 2799 796 2843 qua'm
807 2802 944 2847 privati,
956 2812 1156 2847 quocumque

351 2846 447 2881 titulo
457 2846 578 2888 oneroso
589 2867 600 2882 ‚
610 2847 667 2880 vel
678 2847 841 2882 lucrativo
853 2850 893 2882 ad
900 2847 933 2889 se
945 2856 999 2893 per
1011 2858 1155 2883 ventam.

236 2903 279 2936 41
303 2897 425 2927 ,Annus
436 2905 495 2928 non
513 2895 630 2928 dicitur
642 2892 755 2927 brevis
767 2895 918 2928 terminus
933 2918 944 2933 ,
968 2907 1021 2929 nec
1032 2895 1156 2943 longior

354 2950 376 2972 ιε
401 2951 439 2975 uo
452 2964 462 2974 .

236 2994 281 3026 42
308 2950 520 3031 Emplhyteusis
532 2984 607 3022 bene
615 2986 716 3031 legari
731 2985 825 3030 potes}
835 3011 845 3026 ,
858 2995 915 3021 aut
925 2989 1035 3023 donari
1052 2990 1156 3024 Eccle-

350 3033 402 3076 sia:
422 3041 478 3079 pro
492 3040 556 3068 Deo
566 3058 575 3072 ,
605 3038 649 3070 Θ
666 3035 794 3067 Anima
805 3059 815 3073 ‚
837 3035 932 3068 etiam
942 3033 1041 3075 slante
1066 3039 1156 3078 patto

352 3078 547 3122 prohibitiva
556 3080 602 3115 ali
603 3079 692 3115 enadi
700 3080 918 3124 emphyteusim
928 3083 960 3114 in
971 3081 1135 3124 Ecclesiam
1145 3108 1154 3118 .

240 3134 284 3169 43
312 3126 423 3159 Eodem
437 3129 524 3161 modo
536 3151 544 3164 ‚
554 3126 580 3169 fi
593 3125 795 3172 emphyteusis
807 3127 999 3169 transfertur
1009 3129 1041 3162 in
1053 3130 1158 3164 Eccle-

354 3169 431 3213 siam
441 3179 494 3215 pro
506 3174 595 3208 illius
607 3173 790 3214 Monasierii
797 3171 925 3215 fabrica
940 3198 949 3207 .

237 3228 288 3262 44
311 3217 372 3253 Vel
385 3219 506 3262 quando
518 3220 648 3262 Ecclefia
662 3243 671 3259 ,
679 3219 779 3263 fabiis
792 3219 966 3265 diligentiis
975 3246 985 3261 ,
997 3233 1057 3257 non
1071 3231 1155 3270 repe-

356 3265 400 3297 rit
409 3271 574 3308 emptorem
585 3277 594 3296 ι

242 3323 284 3356 45
312 3311 511 3400 Vel'quanfo
524 3311 677 3347 Dominus
697 3313 842 3358 consentit
863 3314 1081 3353 translationis
1092 3327 1153 3352 em-

355 3364 469 3403 phyteu
483 3368 511 3391 ts
523 3378 534 3391 .

1240 199 1286 238 46
1311 201 1371 238 Vel
1380 199 1504 246 qietvtdo
1515 198 1647 245 persona
1657 193 1830 242 prohibita,
1842 194 1882 237 esi
1893 198 2077 245 consorsseu
2091 213 2163 236 τοπ-

1354 248 1438 289 socia
1453 247 1484 280 in
1497 247 1604 280 eadem
1619 256 1651 278 re
1668 243 1900 289 emphyteutica
1913 268 1921 277 .

1238 298 1285 331 47
1310 292 1466 337 Poffidens
1479 290 1697 337 emphyteufim
1710 315 1718 330 ‚
1733 290 1794 325 tali
1806 289 1878 333 casu
1889 290 2064 340 subrogare
2076 294 2166 331 debet

1356 341 1446 380 aliud
1452 339 1565 383 stabile
1575 338 1776 387 ‹equivalens
1789 362 1798 371 .

1236 387 1282 429 48
1307 390 1463 428 Domitius
1472 388 1604 427 diret‘lus
1614 385 1701 423 debet
1711 384 1795 422 intra*
1806 383 1964 423 biennium
1981 389 2158 429 declarare,

1351 452 1392 475 an
1405 439 1491 474 velit
1503 463 1511 478 ‚
1523 434 1604 484 quod
1615 432 1819 483 emphyteusis
1829 444 1987 471 remaneat
1995 437 2087 483 penes
2100 443 2163 473 Ec-

1353 488 1475 531 clesiam
1492 510 1502 520 .
1690 501 1705 520 ο

1234 538 1281 572 49
1307 536 1461 568 Dominus
1475 544 1534 567 non
1545 531 1666 574 instans
1685 529 1769 567 intra*
1792 529 1950 566 biennium
1974 557 1984 571 ‚

1350 580 1436 614 velle
1447 578 1613 624 Ecclesiam
1624 579 1837 623 recognoscere
1859 580 1890 612 in
1904 579 2136 626 emphyteutam
2150 603 2161 613 .

1234 631 1278 664 50
1303 627 1368 661 Per
1384 631 1540 660 Canonum
1562 627 1766 669 receptionem
1788 625 1925 669 censetur
1953 625 2089 671 Ecclesia
2103 628 2161 662 itu

1350 672 1584 719 emphyteutam
1597 670 1771 717 approbata
1785 698 1795 708 .

1235 724 1274 760 51
1304 720 1380 767 Ju5
1394 721 1521 765 cogendi
1534 719 1701 762 Ecclesiam
1711 721 1753 754 ad
1763 722 1962 757 vendendum
1975 721 2156 769 emphyteu-

1347 766 1406 810 fim
1416 779 1474 801 non
1487 766 1631 805 tollitur,
1644 765 1702 809 nisi
1706 767 1937 813 prascriptione
1945 780 2002 814 40.
2017 766 2137 805 annorie'
2151 792 2163 803 .

1237 819 1279 852 52
1305 814 1490 850 Dominium
1515 815 1668 849 directum
1678 811 1832 858 probatur
1853 814 2037 851 levioribus
2049 813 2165 862 proha·

1351 860 1492 896 tionibus
1506 862 1614 905 quoad
1625 858 1767 906 effeHum
1786 863 1914 904 cogendi
1925 863 2095 905 Ecclesiam
2118 863 2160 897 ad

1353 910 1552 943 vendendum
1563 909 1718 954 quidquid
1731 909 1836 953 quoad
1847 909 2086 944 devolutiouem
2099 934 2109 943 .

1239 961 1280 996 53
1308 957 1386 998 Non
1401 955 1440 997 esi
1447 955 1602 1001 sequenda
1617 957 1720 1001 opinio
1730 955 2100 1000 putantium,Ecclesiam
2112 953 2170 1001 esse

1354 1011 1502 1048 capacem
1514 1000 1718 1048 emphyteusis
1732 1025 1742 1035 .

1235 1057 1281 1092 54
1304 1050 1343 1083 In
1355 1051 1381 1084 1.
1394 1048 1453 1083 fin.
1468 1050 1508 1083 C.
1521 1050 1563 1084 de
1577 1049 1647 1095 Jur.
1657 1047 1811 1093 emphyt.
1825 1046 1867 1084 ab
1880 1047 2083 1096 acquisitione
2099 1060 2165 1084 em-

1350 1095 1506 1144 phyteusis
1517 1097 1730 1131 excluduntur
1743 1096 1910 1132 dumtaxat
1920 1096 2054 1141 personat
2067 1097 2171 1131 inido-

1351 1154 1413 1177 neae
1425 1146 1464 1178 ad
1470 1143 1665 1185 solvendum
1676 1147 1827 1179 Canonem
1839 1168 1849 1183 ,
1865 1143 1973 1190 qualis
1985 1145 2047 1179 dici
2059 1144 2170 1190 nequit

1353 1190 1486 1234 Ecclesia
1499 1215 1508 1224 .

1237 1242 1278 1276 55
1308 1237 1443 1281 Ecclesia
1458 1263 1466 1277 ‚
1484 1241 1527 1275 Θ
1538 1239 1647 1283 Fiscus
1660 1237 1681 1274 d
1695 1241 1770 1284 pari
1784 1241 1958 1285 procedunt
1969 1263 1979 1273 .

1238 1286 1282 1322 56
1309 1284 1419 1326 Fiscus
1431 1284 1470 1327 esl
1485 1296 1589 1334 capax
1601 1286 1820 1334 acquisitionis
1846 1285 2053 1332 emphyteusis
2065 1310 2076 1321 .

1238 1338 1281 1370 57
1309 1335 1386 1366 Cum
1409 1334 1600 1381 quicumque
1622 1333 1740 1369 haheat
1760 1333 1955 1377 facultatem
1974 1332 2173 1379 relinquendi

1353 1379 1490 1424 Ecclesiae
1510 1381 1622 1424 defuis
1632 1380 1741 1421 bonis,
1762 1380 2075 1428 comprehenduntur
2092 1391 2173 1428 quo-

1352 1437 1414 1474 que
1427 1425 1507 1463 bona
1519 1430 1752 1476 emphyteutica
1766 1452 1777 1462 .

1235 1481 1251 1514 5
1260 1472 1280 1507 8
1305 1478 1470 1511 Statutum
1480 1475 1650 1521 prohibens
1673 1476 1899 1512 alienationem
1922 1476 1955 1510 in
1975 1475 2146 1521 Ecclcfiam
2156 1477 2173 1515 ,⁴
2195 1479 2199 1483 ’

1352 1534 1411 1558 non
1421 1532 1506 1558 tenet
1518 1549 1526 1559 .

1237 1576 1279 1611 59
1304 1570 1344 1604 Iu
1357 1571 1515 1615 capa-de
1526 1572 1672 1608 immun.
1684 1568 1842 1607 Eccles.in
1857 1575 1889 1607 6.
1901 1570 2087 1616 prohibetur
2098 1580 2172 1606 one-

1354 1629 1427 1654 rum
1441 1620 1595 1665 impositio
1607 1617 1765 1661 adversus
1776 1617 1928 1661 Ecclefias
1941 1641 1951 1656 ,
1965 1622 2008 1654 cb·
2018 1617 2174 1662 Ecclesia-

1350 1664 1444 1708 [ticos
1458 1668 1489 1701 in
1506 1670 1578 1702 actu
1594 1666 1808 1714 acquisitionis
1819 1663 1972 1700 bonorum
1985 1691 1995 1705 ,
2010 1669 2051 1702 (7-
2066 1664 2175 1711 prohi-

1354 1711 1449 1748 betur
1459 1717 1577 1750 coactio
1594 1713 1778 1749 evacuandi
1787 1711 1882 1748 extra=
1890 1711 1912 1753 s
1908 1724 1922 1745 e
1934 1714 2017 1747 dicta
2030 1711 2112 1747 bona
2124 1736 2134 1746 .

1236 1757 1283 1791 60
1307 1763 1371 1794 Per
1380 1760 1566 1802 solutionem
1577 1763 1710 1797 canonis
1717 1757 1873 1807 probatur
1884 1759 2090 1806 emphyteusis
2100 1783 2110 1799 ,
2125 1759 2171 1801 &f

1355 1808 1510 1844 directum
1519 1811 1690 1844 dominium
1704 1833 1714 1842 .

1236 1852 1281 1884 61
1307 1855 1445 1899 Ecclesia
1459 1859 1594 1892 Domina
1606 1857 1724 1891 directa
1737 1854 1832 1890 habet
1847 1855 2036 1893 clemonem,
2050 1854 2110 1889 vel
2122 1855 2171 1888 in-

1358 1902 1411 1936 tra*
1424 1902 1582 1938 biennium
1592 1902 1811 1948 emphyteusim
1840 1904 1959 1936 emendi
1971 1902 2014 1936 ah
2026 1902 2094 1936 alia
2110 1907 2170 1935 Ec·

1362 1950 1454 1991 clesia
1467 1973 1476 1988 ,
1489 1952 1521 1984 in
1534 1961 1630 1996 quam
1645 1948 1797 1990 transivit
1812 1947 2020 1992 emphyteusis
2033 1971 2043 1988 ,
2057 1948 2117 1984 vel
2129 1943 2172 1983 ab

1358 1997 1465 2030 eadem
1478 2002 1630 2030 canonem
1642 1995 1810 2039 recipiendi
1823 2018 1832 2027 .

1236 2039 1285 2072 v62
1311 2041 1447 2080 'Nullibi
1459 2052 1589 2076 cautum
1602 2048 1758 2085 reperitur
1767 2061 1779 2078 ,
1792 2037 1874 2084 quod
1885 2041 2021 2084 Ecclesia
2034 2043 2171 2084 incapax

1353 2086 1394 2129 fit
1407 2086 1612 2131 emphyteusis
1623 2111 1632 2120 .

1241 2133 1284 2174 63
1314 2135 1394 2176 Non
1405 2139 1443 2173 esi
1454 2133 1534 2168 bona
1548 2135 1631 2168 ratio
1646 2157 1655 2172 ‚
1668 2131 1751 2179 quod
1761 2133 1898 2177 Ecclesia
1913 2146 1973 2170 non
1985 2138 2028 2171 vi
2039 2136 2172 2171 anitati-

1358 2192 1421 2219 va,
1426 2183 1480 2224 sed
1490 2183 1606 2216 directa
1618 2189 1751 2225 cogatur
1772 2182 1991 2227 emphyteusim
2015 2182 2098 2218 intra'
2110 2194 2167 2217 an-

1362 2238 1438 2262 num
1448 2227 1580 2271 extrdse
1594 2238 1704 2274 ponere
1714 2253 1722 2260 .

1241 2278 1289 2317 64
1313 2277 1521 2312 Laudemium
1530 2277 1680 2321 provenit
1691 2284 1802 2321 praeter
1814 2274 1930 2311 natura
1942 2275 2148 2323 emphyteusis
2159 2301 2170 2312 .

1239 2327 1282 2366 65
1311 2329 1387 2372 Spes
1402 2324 1619 2358 devolutionis
1643 2324 1845 2369 emphyteusis
1871 2324 2054 2366 considerari
2070 2322 2171 2371 potest

1353 2369 1484 2413 sublata
1496 2375 1591 2405 etiam
1604 2373 1634 2405 in
1648 2373 1745 2405 Laico
1756 2370 1973 2417 emphyteufim
1984 2374 2169 2408 retinente-³

1359 2428 1434 2499 ¹qum
1449 2420 1593 2462 clausula
1606 2422 1706 2465 prote
1718 2442 1728 2457 ,
1749 2422 1781 2453 ἃ
1807 2417 1992 2453 haereeitsns
2005 2423 2068 2454 ὅιε.
2092 2419 2168 2463 qui-

1385 2475 1424 2500 us
1434 2470 1500 2503 «Sec.

1240 2514 1287 2548 66
1312 2520 1356 2551 Et
1369 2518 1463 2550 etiam
1484 2517 1517 2550 in
1529 2512 1662 2550 habente
1685 2512 1956 2560 emphyteufimin
1963 2522 2171 2561 perpetuum,

1362 2574 1431 2610 quae
1435 2560 1554 2606 subiici
1562 2559 1655 2607 potest
1661 2559 1907 2606 fideicommissi).

1241 2610 1291 2650 67
1316 2612 1526 2645 Laudemium
1536 2613 1585 2643 uti
1595 2612 1727 2654 pendens
1738 2606 1779 2641 ab
1793 2608 1896 2643 alieno
1908 2606 2060 2648 arbitrio,
2083 2621 2168 2646 nom

1360 2657 1401 2700 est
1409 2657 1588 2693 habendum
1603 2658 1634 2689 in
1645 2654 1883 2698 confidet-atione
1893 2683 1902 2689 ,

1238 2706 1284 2740 63
1309 2706 1432 2741 Melius
1446 2703 1488 2744 est
1499 2706 1628 2748 litigare
1641 2701 1879 2746 coramJudice
1891 2702 2094 2748 Ecclesiastico
2105 2728 2115 2742 ‚
2127 2701 2168 2738 ob

1352 2751 1503 2796 maiorem
1526 2751 1722 2786 brevitatem
1747 2774 1757 2790 ,
1779 2759 1846 2794 qua
1870 2750 2019 2796 litigatur
2037 2761 2167 2786 coram-2

2024 532 2098 574 cens
2093 539 2165 567 etur

1356 2803 1459 2835 eodem
1471 2824 1481 2834 .

1240 2849 1288 2890 69
1314 2845 1450 2890 Ecclefia
1464 2847 1528 2881 dici
1537 2844 1631 2893 potest
1640 2854 1747 2892 potens
1759 2870 1768 2884 ,
1781 2845 1840 2881 vel
1848 2844 1886 2880 ob
1898 2844 2111 2891 difficultatem
2123 2845 2167 2880 aa

1353 2894 1544 2938 solvendum
1556 2917 1566 2931 ‚
1587 2893 1614 2937 si
1626 2894 1706 2928 nihil
1719 2893 1808 2928 aliud
1815 2891 1964 2939 poffideat
1982 2901 2093 2938 prater
2101 2904 2166 2927 em·

1355 2939 1526 2988 phyteusim
1538 2964 1547 2978 ‚
1567 2939 1625 2975 vel
1636 2938 1689 2974 ubi
1700 2940 1739 2983 esi
1751 2941 1888 2975 Domina
1907 2942 2072 2975 Territorii
2083 2964 2092 2977 ‚
2118 2941 2164 2973 in-

1355 2990 1408 3023 tra*
1421 2987 1516 3033 cujus
1524 2986 1604 3030 fines
1611 2987 1673 3030 sita
1684 2986 1706 3028 s
1702 2997 1759 3022 unt
1773 2987 1854 3022 bona
1865 2985 2094 3031 emphyteutica
2105 3011 2116 3021 .

1239 3049 1287 3081 70
1312 3037 1449 3083 ,Quando
1472 3033 1676 3080 emphyteusis
1702 3034 1741 3074 esi
1751 3032 1930 3078 temporalis
1949 3032 2041 3076 penes
2057 3034 2165 3069 Eccle-

1349 3083 1516 3127 siam‚tunc
1528 3081 1652 3116 nullum
1659 3080 1750 3124 sensit
1760 3080 1987 3113 incommodum
1998 3082 2163 3115 Dominus.

1236 3143 1258 3175 7
1266 3144 1279 3167 1
1307 3131 1417 3174 Fiscus
1426 3153 1436 3167 ‚
1447 3130 1504 3172 qui
1511 3129 1667 3216 potentior
1678 3126 1718 3168 esi
1730 3124 1877 3168 Ecclesia,
1894 3124 1995 3160 adhuc
2007 3135 2111 3172 capax
2121 3126 2163 3174 eff

1357 3188 1403 3210 em
1425 3175 1446 3209 h
1469 3183 1519 3208 teu
1532 3186 1562 3208 ts
1574 3198 1586 3207 .

1236 3238 1282 3271 72
1308 3184 1424 3262 Tutiuls
1435 3186 1509 3259 y&
1520 3219 1675 3264 honestius
1688 3219 1728 3263 esi
1739 3245 1748 3260 ,
1758 3227 1795 3255 ut
1810 3219 2012 3266 emphyteusis
2024 3219 2163 3256 maxime

1357 3265 1565 3310 Ecclesiastica
1581 3267 1673 3311 trans
1670 3276 1721 3303 eat
1730 3269 1764 3302 in
1778 3266 1965 3310 Ecclefiam‚
1977 3267 2071 3313 qua‘m
2082 3267 2160 3309 sem-

1350 3325 1406 3364 per
1427 3322 1586 3349 remaneat
1608 3313 1699 3360 pene‘s
1712 3315 1846 3354 Laicum
1854 3338 1866 3355 ‚
1887 3316 1946 3359 qui
1964 3314 2042 3361 effici
2066 3312 2162 3359 potes}

1352 3374 1412 3400 non
1432 3361 1584 3406 solvendo
1594 3386 1605 3399 .

1987 3419 2033 3452 73
2058 3411 2117 3443 Ec-
