2295 3757
577 58 676 120 Dc
714 50 1179 135 Qindenniis‚
1217 49 1373 132 Cap,
1405 54 1485 121 [ᾗ
1518 86 1524 94 .

39 175 100 214 ςῦῖ
132 164 580 250 Βεησξῖἰῖ’βωρίἱσὶαῐίαηεην
601 166 643 202 ad
656 164 904 201 commoditatem
920 186 929 200 ,
958 173 1018 196 non

181 227 200 250 a
250 229 267 250 »2
292 228 373 251 orem
387 241 396 252 ο

1859 52 1971 118 181

1083 164 1149 205 346
1177 160 1297 195 Solutio
1322 160 1491 203 fratruum
1504 158 1649 199 Beneficii
1684 161 1806 195 ratione
1846 163 2066 200 commodioris

1223 207 1397 245 exatliom‘s
1413 205 1563 243 destinata
1578 205 1615 240 cll
1631 207 1672 240 ad
1689 215 1812 240 certum
1824 217 1946 252 tempus
1959 234 1967 243 .

43 267 111 307 306
134 262 354 301 Aliitenent,
378 262 578 304 indistinctim
591 262 686 303 etiam
710 259 742 292 in
759 255 922 300 Beneficiis
942 267 1016 291 cum
1078 267 1145 299 347
1171 254 1221 297 Est
1237 255 1323 290 locus
1345 253 1492 298 divisioni
1510 252 1677 295 sruc‘iuum
1702 251 1871 292 Beneficii,
1893 254 1919 296 fi
1946 258 2063 300 vigeat

176 309 441 354 administratione
451 307 508 356 effe
518 313 622 345 locum
631 304 778 349 divisioni
789 328 798 338 .

41 368 106 405 307
132 357 311 398 Adiverlis
325 370 384 394 nou
394 356 467 393 bene
479 356 517 397 fit
528 354 631 389 illatio
649 376 657 385 .

39 407 105 449 308
132 403 399 447 „Quindenniumd
410 400 622 444 consuetudine
637 401 852 434 introductum
870 398 1018 433 inlocum

56 463 59 466 “
181 453 412 488 laudemiorum
424 475 431 488 ‚
442 447 675 491 intelligendum
685 445 723 480 eft
735 449 771 482 de
780 455 901 491 integro
914 469 927 480 .

46 510 112 544 309
138 502 316 535 Communis
326 499 426 545 opinio
436 494 474 533 eli
486 505 515 528 :n
527 495 721 528 cont-avium
739 519 747 526 .

46 557 110 590 310
136 548 316 583 Triennium
328 541 569 581 cohabitationis
581 539 760 588 conjugalis
773 539 861 576 debet
877 538 933 585 ‘ile
947 549 1019 580 con-

183 604 309 629 tinuum
320 620 329 629 .

42 652 80 685 31
93 654 106 677 1
134 643 333 680 Contrarium
344 635 482 673 obtinuit
495 638 626 670 Auster
642 638 677 671 de
692 647 772 671 anno
791 646 851 679 171
863 636 925 670 1.in
941 644 1021 681 qua-

186 690 259 724 dam
267 684 379 722 celebri
391 683 525 718 orioten.
544 685 744 718 Matrimonii
761 702 769 711 ·

44 747 83 780 31
94 749 112 772 2
140 733 282 775 Bimelire
293 729 481 776 conjugibus
494 729 663 776 concessum
679 732 719 766 ad
732 728 969 764 deliberandum
983 727 1021 761 de

184 777 318 826 ingressu
333 781 364 813 in
375 778 567 822 Religionem
582 802 590 814 ‚
601 777 688 813 debet
699 775 756 822 esse
769 777 953 811 continuum
968 797 978 806 .

46 838 110 875 313
138 829 200 865 ,Ad
212 824 354 873 effet'tum
367 825 593 859 introducenda:
600 825 842 868 familiaritatis
861 830 919 868 pro
930 819 1026 862 susci-

186 876 310 922 piendis
323 871 493 908 Ordinibus
505 869 546 906 ab
561 872 661 906 alieno
675 869 834 915 Episcopo,
851 869 1026 916 requiritur

191 924 361 958 triennium
374 944 381 956 ,
403 921 484 966 quod
497 916 586 954 debet
599 916 645 963 eff
642 930 658 952 e
669 918 852 952 continuum
867 940 876 949 .

53 980 70 1015 3
80 979 122 1015 14
144 970 222 1006 Tale
233 970 405 1004 triennium
412 966 492 1009 satis
501 964 541 1007 esi
556 990 565 1003 ‚
575 964 656 1011 quo'd
668 965 825 1007 incaeperit
835 989 843 1003 ‚
856 959 1028 1008 antequam

189 1018 333 1052 ordinans
337 1013 444 1060 fuisset
458 1014 627 1058 Episcopus
637 1035 647 1045 .

53 1074 116 1110 315
143 1066 325 1101 Triennium
342 1060 465 1106 Regula
479 1057 676 1094 Cancellariae
695 1059 733 1093 de
742 1056 894 1092 triennali
907 1080 918 1097 ‚
940 1054 1029 1093 debet

53 1125 57 1129 ·
196 1109 251 1156 effe
261 1111 444 1145 continuum
458 1130 468 1140 .

52 1161 119 1202 316
145 1159 324 1194 Triennium
336 1152 599 1191 ‘provincialatus
609 1149 698 1187 debet
710 1150 766 1198 effe
776 1152 959 1186 continuum
972 1174 982 1184 .

53 1216 120 1250 317
147 1204 406 1253 Qinquennium
419 1202 459 1234 ad
471 1201 633 1233 dicendum
656 1201 693 1234 de
706 1199 853 1235 nullitate
865 1198 960 1242 Profe
982 1209 1029 1234 ιο-

194 1255 242 1287 nis
253 1278 261 1290 ,
276 1249 363 1286 debet
379 1245 436 1293 effe
450 1248 631 1281 continuum
643 1271 652 1280 .

53 1309 70 1344 3
80 1301 120 1336 18
147 1298 409 1346 ,quinquennium
418 1295 458 1328 ad
471 1295 665 1328 movendum
672 1289 794 1334 statum
807 1293 891 1328 alicu
897 1290 959 1337 ius,
974 1294 1029 1327 de·

72 1364 75 1367 ’
201 1345 252 1381 bet
261 1342 317 1389 effe
330 1343 512 1378 continuum
522 1364 531 1373 .

57 1403 125 1438 319
149 1393 318 1428 Biennium
337 1391 370 1424 in
395 1384 595 1433 Emphyteusi
607 1386 818 1432 Ecclesiastica
829 1411 839 1427 ‚
866 1389 910 1423 (θ’
933 1388 1031 1421 trien-

197 1440 284 1474 nium
303 1439 338 1472 in
350 1435 466 1479 laycali
475 1430 651 1479 ceffationis
664 1434 833 1477 solutionis
843 1435 970 1469 canonis
988 1433 1029 1468 ad

196 1485 417 1521 incurrendam
431 1482 650 1520 caducitatem‚
661 1480 752 1517 debet
767 1480 822 1527 effe
834 1482 1028 1516 continuum.

57 1544 126 1580 320
151 1534 350 1580 septennium
361 1529 495 1573 servitii
510 1526 688 1579 injuncium
709 1530 751 1564 ad
760 1529 1029 1574 consequendam-2

87 1584 91 1589 '
197 1580 377 1616 libertatem
389 1602 397 1615 ‚
414 1573 502 1611 debet
516 1575 572 1620 effe
584 1578 768 1610 continuum
782 1600 791 1610 .

57 1638 100 1673 3²
108 1639 130 1663 ι·
150 1625 358 1670 Beneficiatus
369 1620 594 1671 quodammodo
605 1621 725 1659 servus
737 1622 845 1665 eslsuae
855 1621 992 1665 Ecclesia
1002 1646 1012 1656 .

59 1687 77 1720 3
85 1687 126 1710 22
152 1679 258 1719 Nemo
271 1671 359 1708 debet
368 1682 408 1706 ex
416 1671 544 1716 propria
555 1668 607 1703 cul
629 1681 647 1703 a
656 1671 850 1704 commodum
861 1677 1033 1715 reportare.

57 1733 100 1767 32
106 1732 122 1766 3
151 1727 285 1767 Tempus
295 1745 305 1760 ‚
326 1717 451 1765 quando
463 1727 522 1750 non
531 1716 589 1751 ade
620 1714 839 1761 praejuaicium
853 1717 961 1755 tertii,
973 1726 1034 1751 non

193 1768 315 1813 semper
327 1763 415 1801 debet
427 1762 474 1808 ess
469 1774 484 1797 e
495 1761 624 1808 Physice
634 1764 791 1808 integrum
805 1789 816 1798 .

59 1826 129 1862 324
151 1817 338 1860 Temporum
351 1811 522 1850 interstitia
540 1821 600 1845 non
616 1809 694 1853 sunt
716 1809 936 1847 mathematice
953 1821 1035 1846 com-

222 1861 342 1896 utanda
354 1882 364 1892 .

60 1919 124 1954 325
153 1871 334 1944 stabiliendo
347 1901 529 1945 Beneficiati
547 1914 618 1937 cum
629 1905 743 1938 marito
755 1904 870 1951 parum
880 1902 1032 1951 probabi·

201 1955 243 1989 lis
254 1979 261 1992 ‚
272 1961 446 1999 parumque
453 1959 525 1984 tuta
539 1953 643 1995 quoad
652 1950 1010 1994 diwfionemsrufiuum
1021 1975 1031 1986 .

61 2006 131 2048 326
155 2003 220 2037 vir
231 1999 354 2044 majora
364 1997 474 2042 luffert
488 2008 580 2032 onera
593 2020 604 2036 ‚
627 1996 723 2044 qua'm
740 1997 947 2039 Beneficiatus
961 2023 971 2032 .
1023 2010 1026 2013 ·

60 2055 126 2094 327
152 2050 288 2084 Fruttus
300 2044 419 2080 dotales
433 2043 595 2086 transeunt
607 2045 640 2078 in
653 2046 825 2079 dominium
838 2047 910 2079 viri
923 2067 934 2078 .

58 2099 125 2141 328
151 2097 286 2130 fruetus
301 2089 495 2133 beneficiales
520 2097 580 2124 non
592 2090 754 2134 transeunt
778 2094 814 2127 in
828 2090 963 2127 liberum
978 2092 1032 2128 do-

202 2141 333 2176 minium
349 2135 527 2179 Beneficiati
541 2161 550 2170 .
682 2178 685 2179 ⁷
815 2161 820 2165 .

64 2201 81 2236 3
91 2202 133 2235 29
158 2190 293 2234 Fructus
306 2183 495 2227 beneficiarii
509 2182 565 2229 effe
577 2184 699 2232 poffunt
712 2188 833 2221 ratione
840 2186 931 2222 tituli
942 2211 951 2221 .

65 2237 82 2282 3
89 2248 133 2282 30
157 2237 318 2272 Interdum
330 2244 389 2268 non
397 2231 473 2275 sunt
482 2235 603 2267 minora
613 2243 704 2273 onera
716 2232 895 2275 Benejieiati
908 2258 918 2274 ,
933 2231 1033 2280 qudm

203 2283 321 2317 Mariti
335 2305 344 2315 .

62 2341 127 2377 331
152 2331 232 2374 Non
253 2327 291 2368 esi
305 2326 386 2363 bona
397 2351 407 2366 ,
429 2337 483 2362 nec
491 2325 594 2369 solida
604 2328 809 2374 aequiparatio
823 2327 963 2369 Mariti,
987 2329 1031 2365 &¹

205 2374 387 2417 Beneficiati
400 2398 408 2407 .

64 2437 80 2470 3
88 2435 104 2468 3
113 2437 130 2460 2
156 2425 300 2458 Maritus
311 2421 351 2463 esi
365 2421 520 2456 Dominus
531 2422 669 2456 omnium
671 2421 841 2464 srutZuum
853 2422 1013 2457 dotalium
1025 2446 1035 2456 .

62 2483 127 2517 333
155 2467 360 2510 Beneficiatus
386 2467 475 2502 debet
482 2467 584 2510 solum
592 2468 717 2510 sumere
736 2467 936 2514 necessarium
959 2493 969 2509 ,
992 2472 1036 2506 (θ’

65 2524 71 2532 ’
201 2516 359 2566 reliquum
366 2512 562 2561 parapenbus
575 2525 703 2558 erogare
713 2539 724 2549 .

66 2577 133 2612 334
159 2563 291 2643 Beneiiztz'
293 2569 345 2595 ato
357 2561 498 2604 defuneto
509 2560 654 2605 ‚fruitus
661 2570 717 2608 pro
728 2571 801 2598 rata
809 2561 960 2599 debentur
970 2563 1031 2600 lia*-

204 2620 236 2643 'l'e
258 2621 267 2642 l
293 2619 329 2641 MS
343 2631 353 2642 ο
421 2626 425 2630 ·
897 2629 900 2633 .

66 2670 83 2705 3
91 2669 130 2704 35
159 2658 295 2692 fruetus
320 2655 439 2690 dotales
452 2657 567 2691 dantur
590 2657 669 2692 Viro
689 2658 722 2692 in
734 2658 1033 2703 compensationem

64 2723 66 2727 ν
205 2713 333 2738 onerum
341 2704 623 2738 matrimonialium
630 2727 639 2737 .

69 2757 136 2798 336
160 2756 232 2794 ΜΣ,
242 2749 265 2792 s
261 2758 337 2796 uper
349 2760 412 2796 qua
426 2749 467 2783 lis
477 2752 623 2785 vertitur
635 2774 644 2788 ,
655 2751 829 2788 dividenda
843 2764 902 2788 non
911 2753 965 2796 est.

69 2811 87 2843 3
95 2812 137 2845 37
163 2797 281 2841 Rustici
294 2793 472 2840 quaestiones
481 2804 538 2841 per
550 2798 687 2832 medium
695 2799 848 2835 dividunt
859 2823 870 2833 .

70 2857 87 2890 3
96 2851 136 2890 38
163 2845 245 2879 Dari
255 2842 375 2890 possunt
386 2844 475 2885 casus
487 2866 496 2881 ‚
509 2845 541 2878 in
549 2844 668 2889 quibus
676 2844 717 2888 sit
730 2845 818 2880 locus
827 2845 978 2891 divisioni
988 2870 998 2882 .

68 2904 87 2936 3
95 2905 137 2938 39
161 2893 297 2926 Fructus
311 2888 456 2931 Beneficii
466 2891 582 2925 dantur
594 2890 632 2925 ob
647 2891 852 2928 ministerium
864 2917 875 2924 .

71 2950 142 2984 340
162 2936 337 2983 Refignatio
358 2945 505 2991 operatur
529 2939 655 2972 eundem
666 2936 808 2983 effetium
817 2963 828 2978 ,
854 2951 947 2987 quem
959 2949 1031 2986 ope-

209 2993 301 3020 ratur
310 2994 444 3020 vacatio
455 3008 464 3017 .
742 3013 744 3015 .

73 3043 138 3080 '341
163 3032 182 3062 Ι
183 3042 203 3066 n
214 3030 363 3075 Beneficio
384 3036 496 3066 Curato
506 3056 516 3070 ‚
539 3029 777 3076 &residentiali
789 3034 969 3070 renunciate
991 3037 1041 3071 in-

212 3085 277 3112 trat
289 3078 402 3122 divisio
405 3077 574 3122 fruetuum
586 3104 595 3113 .

78 3140 143 3174 342
172 3122 277 3159 Multo
288 3128 391 3171 magis
411 3127 445 3160 in
455 3126 663 3169 translatione
674 3127 820 3174 Episcopi
844 3127 882 3163 de
893 3137 956 3163 una
981 3133 1041 3164 Ec-

216 3169 304 3213 clefia
313 3173 456 3208 adaliam
470 3197 479 3207 .

77 3234 141 3269 343
170 3223 273 3252 Proui
284 3219 317 3252 in
329 3220 491 3264 capellano
504 3227 693 3266 premortuo
702 3245 713 3257 .
896 3254 898 3256 ,

80 3282 146 3315 344
173 3263 264 3307 Velfi
275 3262 453 3306 beneficium
462 3266 578 3303 habeat
589 3269 685 3304 chori
695 3267 890 3312 afflsientiam
902 3293 913 3304 .

81 3328 144 3362 343
171 3310 278 3347 Labor
287 3311 456 3356 personalis
477 3315 783 3361 recipitdivifionem
807 3315 905 3363 juxta
917 3324 1042 3363 tempus
1098 3345 1101 3346 γ

222 3358 344 3402 prestiti
351 3357 486 3402 servitii
497 3382 507 3393 .

1218 302 1406 343 consuetudo
1420 301 1492 335 illos
1507 300 1673 336 dividendi
1686 307 1742 344 pro
1755 307 1826 333 rata
1839 300 1916 333 inter
1925 300 2060 338 luere-des

1219 348 1402 389 Beneficiati
1418 373 1427 387 ,
1453 351 1494 384 Θ·
1509 348 1590 382 inter
1609 342 1813 390 succeffbrem
1826 346 1857 378 in
1870 345 2017 386 Beneficio
2031 373 2040 380 .

1082 399 1147 440 348
1177 399 1308 431 Λιιέῖον
1318 403 1411 442 putat
1425 423 1430 429 .
1461 397 1493 429 in
1507 394 1605 430 nullis
1621 404 1661 428 ex
1668 392 1693 435 s
1688 392 1862 438 upradiitis
1873 391 1993 435 casibus
2005 392 2061 438 effe

1227 445 1330 478 locum
1343 441 1493 484 dlvifioni
1507 467 1515 476 .

1083 501 1149 534 349
1176 492 1377 538 Quindennia
1402 488 1557 535 tanqudm
1565 487 1695 533 fructus
1704 485 1822 523 civiles
1834 510 1844 528 ‚
1863 484 1941 529 sunt
1959 487 1996 522 de
2004 486 2026 531 s
2024 488 2060 521 ui

1223 546 1338 572 natura
1350 537 1517 572 individui
1532 561 1541 570 .

1082 595 1148 627 3ςο
1173 591 1275 620 Homo
1288 596 1347 618 non
1358 584 1498 618 admittit
1506 583 1557 624 sui
1571 583 1777 629 partitionem
1789 604 1799 615 .

1084 643 1147 674 351
1176 633 1366 667 Adducitur
1376 630 1463 665 locus
1480 641 1510 673 3.
1524 631 1608 674 ch.
1632 640 1662 673 3.
1677 638 1732 672 24.
1746 636 1778 663 oe
1801 624 1894 673 seqq·

1082 690 1147 723 352
1174 679 1365 714 Adducitur
1376 688 1448 721 cap.
1464 674 1576 712 afferte
1593 690 1622 711 2.
1639 675 1679 710 de
1694 672 1946 720 praesunnption.

1088 737 1150 770 353
1180 728 1307 761 ,Anima
1319 723 1358 764 esi
1370 733 1438 760 tota
1448 726 1480 759 in
1491 732 1556 759 toto
1573 747 1582 762 ‚
1595 725 1638 759 (φ
1648 731 1716 758 tota
1730 723 1761 757 in
1774 718 1917 769 qualibet
1927 729 2054 769 parte-,9

1228 786 1280 808 COD·
1303 784 1367 808 orls
1379 798 1386 806 0

1087 832 1102 864 3
1112 831 1156 863 54
1181 782 1330 864 affer-fur
1338 818 1474 866 pulchra
1488 817 1629 860 Historia
1640 817 1724 862 apud
1737 816 1940 851 Valchax.

1089 877 1151 911 355
1180 871 1207 900 A
1211 866 1324 913 ffertur
1334 893 1342 906 ‚
1357 870 1400 903 ά·
1413 866 1594 901 declaratur
1605 866 1721 899 dictum
1739 862 1902 898 Macrobii
1919 886 1929 896 .

1089 917 1157 958 356
1181 915 1416 961 Qiindennium
1427 911 1580 958 tanqua'm
1604 907 1760 953 consistens
1774 909 1805 942 in
1811 908 1899 951 sacto
1915 933 1924 946 ,
1945 908 2005 944 vel
2024 910 2058 944 in

1221 962 1303 1005 facti
1311 959 1512 1007 stipulatione
1524 983 1532 997 ,
1545 959 1646 1002 scindi
1658 958 1767 1002 nequit
1776 956 1809 990 in
1821 963 1925 1000 partes
1938 980 1947 990 .

1090 1018 1157 1053 357
1183 1008 1473 1043 ⁸Adduciturlocus
1491 1002 1908 1042 Aristote1.1-;thic.1ib.10.

1089 1067 1106 1101 3
1115 1067 1128 1099 5
1137 1058 1156 1091 8
1182 1056 1419 1103 Qindennium
1442 1051 1480 1092 esi
1490 1063 1588 1086 unum
1602 1060 1714 1097 corpus
1728 1048 1883 1095 integrale
1894 1071 1905 1088 ,
1935 1049 1979 1084 (φ
1991 1058 2062 1085 tan-

1231 1101 1327 1150 qua‘m
1340 1112 1439 1136 unum
1451 1101 1662 1134 individuum
1676 1122 1686 1131 .

1090 1161 1156 1195 359
1180 1150 1352 1231 Stipglptio
1361 1157 1459 1194 opera
1473 1145 1612 1191 servilis
1623 1169 1633 1185 ‚
1648 1152 1708 1181 aut
1718 1141 1871 1180 libertina
1882 1140 1922 1184 esi
1935 1144 2060 1179 indivi-

1237 1211 1247 1232 1
1272 1210 1280 1231 1
1298 1210 1325 1231 ΙΙ
1344 1220 1354 1230 0

1089 1248 1156 1288 360
1183 1197 1302 1280 sobino
1315 1241 1545 1288 cujuscumque
1558 1238 1655 1275 debiti
1667 1238 1706 1279 eli
1718 1238 1891 1274 individua
1907 1261 1918 1272 .

1090 1297 1133 1335 36
1143 1304 1154 1326 1
1183 1294 1279 1327 Sacra
1290 1289 1458 1335 Miffarum
1469 1287 1610 1335 mysteria
1623 1287 1795 1321 individua
1805 1284 1880 1327 sunt
1893 1308 1903 1318 .

1092 1349 1105 1381 3
1114 1342 1134 1374 6
1139 1351 1156 1373 2
1184 1339 1415 1385 „Quindennium
1425 1350 1482 1372 non
1494 1335 1636 1377 solvitur
1643 1343 1698 1380 per
1709 1341 1827 1378 partes,
1835 1330 1858 1374 s
1855 1332 1891 1366 ed
1901 1330 1995 1374 semel
1999 1332 2046 1379 fin
2053 1352 2066 1362 .

1224 1385 1315 1431 gulis
1327 1386 1504 1430 quindecim
1517 1384 1609 1417 annis
1619 1406 1628 1416 .

1092 1444 1105 1476 3
1114 1437 1134 1468 6
1139 1444 1154 1477 3
1185 1433 1304 1468 solutio
1318 1443 1355 1466 cu
1361 1430 1546 1476 justumque
1554 1427 1653 1463 debiti
1666 1425 1706 1467 esi
1716 1423 1923 1472 indivisibilis
1931 1451 1942 1464 .

1089 1492 1104 1524 3
1115 1487 1161 1523 64
1186 1480 1299 1514 Canon
1310 1480 1346 1514 de
1353 1479 1407 1521 sui
1419 1489 1534 1513 natura
1546 1474 1582 1514 est
1597 1476 1790 1510 individuus
1802 1497 1812 1508 .

1090 1531 1152 1573 365
1181 1531 1261 1571 Non
1274 1525 1312 1566 eli
1326 1523 1429 1570 major
1441 1526 1524 1559 ratio
1533 1525 1566 1558 in
1579 1522 1812 1558 individuitate
1822 1519 2063 1568 canonis‚qudm

1236 1576 1268 1609 in
1280 1574 1511 1608 individuitate
1521 1570 1702 1617 quindennii
1715 1593 1724 1602 .

1096 1625 1164 1666 366
1189 1618 1268 1657 'stim
1281 1632 1377 1655 canon
1391 1645 1399 1658 ,
1422 1617 1520 1664 qua'm
1533 1617 1756 1664 quindennium
1767 1612 1918 1651 debentur
1929 1616 1962 1650 in
1978 1625 2064 1651 reco-

1232 1669 1407 1714 gnitionem
1416 1667 1544 1699 dominii
1557 1689 1567 1698 .

1094 1719 1160 1760 367
1184 1719 1312 1759 Novus
1323 1711 1530 1754 Beneficiatus
1554 1722 1612 1745 non
1621 1710 1787 1756 acquirens
1801 1710 1961 1754 integrum
1969 1709 2064 1757 quin-

1232 1763 1379 1798 dennium
1393 1787 1401 1801 ,
1427 1757 1507 1802 juste
1519 1765 1755 1803 conquereretur
1770 1780 1779 1790 .
1964 1756 1967 1759 “

1096 1812 1163 1855 368
1188 1810 1359 1845 Unum&
1371 1810 1453 1842 idem
1468 1802 1651 1846 Beneficium
1661 1800 1782 1838 duobus
1794 1802 1929 1847 conferri
1942 1803 2066 1849 nequit.

1096 1862 1164 1901 369
1190 1863 1396 1944 Unaquaeque
1410 1850 1540 1893 Ecclesia
1566 1849 1605 1892 eft
1612 1851 1725 1897 [ponsa
1738 1848 1985 1897 uniuscujusque
2005 1850 2065 1884 Be-

1233 1916 1270 1939 ne
1293 1911 1367 1938 ciati
1385 1927 1394 1935 .

1089 1962 1158 1996 370
1183 1946 1461 1995 Fideicommiffum
1473 1942 1627 1992 tanquam
1636 1944 1854 1983 individuum,
1866 1944 1924 1979 uni
1934 1941 2061 1979 tantum

1230 2000 1265 2033 de
1280 2007 1369 2032 ertur
1381 2021 1390 2030 .

1091 2056 1154 2091 371
1182 1998 1381 2092 vnujscpocesi
1403 2041 1500 2088 plura
1508 2037 1646 2075 obtinere
1657 2034 1813 2080 Beneficia
1820 2035 1978 2085 simplicia
2002 2039 2059 2078 irc,

1230 2091 1358 2133 diversa
1375 2087 1511 2131 Ecclesia
1535 2110 1546 2121 .

1093 2151 1158 2185 372
1186 2136 1432 2175 Lambercimde
1441 2134 1659 2182 inrepatron.
1675 2140 1797 2177 parta.
1813 2130 2064 2178 lib.2.quaest.7.

1231 2195 1295 2220 art.
1302 2196 1315 2219 1
1312 2197 1338 2274 ᾗ
1347 2208 1356 2218 .
1368 2195 1400 2217 n.
1408 2192 1461 2225 15.
1472 2181 1567 2225 refert
1576 2205 1586 2220 ,
1595 2180 1616 2222 s
1611 2192 1628 2214 e
1637 2177 1792 2226 poJJediffe
1799 2181 1934 2224 triginta
1941 2180 2061 2225 septem

1235 2234 1316 2267 Bene
1339 2233 1404 2266 cia.

1093 2293 1156 2328 373
1184 2280 1422 2327 Qindennium
1436 2286 1475 2312 ex
1485 2274 1578 2317 causa
1590 2275 1672 2309 inter
1683 2274 1762 2308 duos
1775 2274 1884 2309 dividi
1892 2271 1989 2320 potesl
2001 2297 2012 2307 .

1093 2339 1162 2375 374
1185 2323 1525 2373 Afferturintellectus
1544 2333 1619 2369 cap.
1630 2320 1806 2368 proposuit
1819 2325 1854 2357 6.
1866 2319 1908 2356 de
1920 2316 2063 2356 fi1.Ptes·

1233 2375 1343 2418 byter.

1096 2434 1159 2468 375
1188 2419 1374 2463 Beneficium
1383 2419 1492 2454 dividi
1502 2418 1613 2463 nequit
1623 2440 1634 2451 .

1096 2473 1165 2514 376
1190 2473 1228 2502 ln
1241 2465 1390 2508 Beneficio
1396 2466 1556 2508 servanda
1572 2462 1611 2506 eli
1623 2464 1742 2502 unitas,
1747 2462 1772 2505 s
1768 2474 1805 2498 eu
1812 2461 2020 2508 singularitas
2031 2486 2041 2498 .

1090 2528 1158 2562 377
1186 2523 1313 2551 Dantur
1323 2515 1418 2548 etiam
1431 2513 1640 2548 canonicatus
1649 2511 1772 2545 dimidii
1782 2534 1792 2545 .

1092 2567 1158 2609 378
1184 2567 1224 2598 Et
1241 2565 1273 2598 in
1285 2558 1432 2608 pluribus
1452 2558 1662 2604 Portugalliae
1684 2553 1926 2592 cathedralibus
1945 2557 1978 2592 id
1986 2565 2062 2604 pra-

1231 2617 1369 2645 cticatur
1385 2631 1394 2641 .

1093 2669 1160 2703 379
1184 2659 1222 2691 ln
1237 2655 1391 2702 Hispania
1404 2652 1516 2697 adsunt
1527 2652 1657 2697 integri,
1667 2652 1711 2686 &¹
1724 2651 1848 2687 dimidii
1859 2648 2063 2686 Portionarii.

1094 2711 1161 2750 330
1187 2703 1320 2746 Adsunt
1331 2704 1427 2736 etiam
1441 2700 1652 2745 ,Quartenarii
1665 2721 1675 2736 ‚
1690 2700 1732 2734 ὠ*
1747 2699 1940 2734 Υενιὶοηανίἰ
1949 2721 1958 2730 .

1097 2755 1160 2797 381
1189 2757 1227 2786 In
1242 2747 1422 2787 cathedrali
1435 2745 1664 2789 Metenadsunt
1677 2744 1839 2792 Capellani
1853 2770 1862 2782 .
1885 2741 2063 2786 Manfiona-

1233 2799 1274 2831 rii
1290 2820 1299 2834 ,
1322 2795 1378 2838 seu
1395 2790 1506 2837 Affisii
1516 2818 1525 2827 .

1091 2857 1107 2890 3
1116 2849 1134 2883 8
1142 2860 1158 2881 2
1183 2843 1380 2880 ‘Portionarii
1389 2843 1421 2876 in
1431 2841 1586 2886 Hispania
1596 2838 1774 2885 respondent
1785 2844 1819 2872 H
1821 2835 2062 2877 ebdomadariis,

1226 2890 1280 2932 seu
1295 2887 1518 2933 Manfionariis
1526 2890 1559 2922 in
1569 2887 1667 2922 ltalia
1680 2910 1691 2920 .
1973 2896 1988 2919 e

1090 2943 1153 2985 383
1183 2933 1368 2984 Impoffibile
1379 2934 1420 2973 eli
1432 2958 1444 2974 ‚
1467 2936 1537 2970 dari
1549 2935 1678 2969 dimidia
1692 2928 1845 2971 Beneficia
1859 2952 1870 2968 ‚
1895 2929 1952 2973 seu
1970 2931 2062 2966 dimi.

1239 2986 1310 3020 dias
1323 2984 1505 3028 Dignitates
1516 3006 1527 3016 .

1100 3035 1170 3079 384
1193 3033 1344 3067 Homines
1354 3055 1362 3070 ‚
1375 3038 1433 3065 aut
1447 3030 1627 3074 Dignitates
1635 3035 1694 3059 non
1706 3024 1911 3059 dimidiantur
1921 3047 1933 3059 .

1098 3091 1119 3125 >3
1127 3084 1165 3124 85
1195 3079 1430 3127 Qiindennium
1441 3074 1570 3118 consistit
1578 3075 1610 3106 in
1617 3072 1750 3117 pecunia
1762 3094 1773 3106 .

1102 3138 1118 3171 -3
1127 3130 1170 3164 86
1197 3134 1241 3162 Et
1249 3121 1404 3168 tanquam
1413 3125 1478 3167 tale
1493 3120 1532 3161 esi
1545 3116 1704 3160 divisibile
1718 3142 1729 3153 .

1104 3177 1171 3220 387
1196 3175 1231 3209 Si
1242 3171 1463 3220 quindennium
1476 3167 1676 3202 divideretur
1686 3188 1696 3204 ‚
1705 3165 1786 3209 {tale
1800 3164 1936 3213 amplius
1946 3175 2006 3201 non
2019 3165 2066 3200 da·-

1121 3250 1124 3254 .
1200 3250 1204 3254 .
1241 3227 1364 3256 ceretur
1375 3242 1385 3251 .
1462 3244 1465 3247 .

1101 3271 1169 3316 388
1195 3266 1329 3316 Juliius
1341 3288 1351 3303 ‚
1374 3265 1419 3298 θ’
1438 3261 1544 3295 tutius
1557 3256 1596 3301 esi
1618 3271 1677 3296 non
1687 3261 1854 3298 admittere
1878 3257 2067 3303 divisionem

1232 3314 1403 3357 fructuum
1413 3310 1446 3344 in
1459 3307 1532 3352 casu
1540 3330 1555 3343 .

1851 3356 1917 3398 389
1939 3353 2026 3387 ‘Pen-
