2295 3757
297 130 421 196 390

328 263 374 309 A
399 261 440 306 R
471 265 505 308 G
535 263 583 307 ν
608 264 667 307 M
693 263 726 306 13
759 264 814 309 N
840 265 883 309 T
907 266 953 308 p·
978 264 1059 312 M.

211 364 413 401 canonicus
426 367 571 401 [cclefiae
584 365 798 401 cathedralis
811 391 819 405 ,
840 366 897 412 qni
913 366 991 402 fidei
1010 365 1186 402 Professio-

255 424 333 448 nem
349 425 416 447 non
430 413 569 448 emim-it
583 413 626 446 de
643 423 792 459 tempore
809 414 997 448 emenonis
1020 413 1186 459 quinden-

256 459 454 505 nii,cjnlque
467 459 714 494 dlllnbntionis
728 461 814 495 inter
826 460 913 495 alios
927 464 1125 496 Canonlcos
1139 459 1186 497 fa-

256 508 315 541 eta·
329 533 338 547 ‚
365 507 490 541 etiarnli
516 505 699 540 interfuerit
724 507 889 551 kapitulo
903 534 911 547 ,
937 511 984 542 vel
1008 521 1046 541 cx
1072 508 1184 554 gratia

257 553 394 588 habitus
408 551 503 588 fixerit
526 555 545 587 α’
563 554 725 598 eapitulo
740 567 802 601 pio
824 553 976 600 proescnte
992 554 1025 589 in
1042 555 1185 603 Capitu-

256 602 304 639 10,
320 601 429 635 adhuc
447 612 514 634 non
531 602 639 645 potest
665 601 865 648 participare
879 603 919 637 de
944 602 1159 651 quindennio
1172 627 1182 642 ,

255 647 365 683 imino
387 647 419 681 in
435 647 530 687 casn,
557 659 627 693 quo
641 648 887 693 quindenninm
914 649 1094 696 perceperit
1119 660 1182 694 pro

254 692 393 743 suarum
407 694 464 728 sub
478 705 638 739 praetextu
653 694 881 730 interess‘enriae
896 698 928 730 in
947 697 1175 744 capitulo,vel

251 742 373 784 abique
389 741 612 777 intercll'entia
633 753 672 776 cx
688 740 758 786 ipsa
773 742 984 787 indulgentia
998 743 1148 787 capituli
1166 768 1176 784 ‚

249 787 473 823 nih-lominus
493 798 625 824 tenetur
645 789 812 824 restituere
837 790 977 825 Fabricae
1004 790 1151 825 Eccleliae
1164 814 1177 830 ‚

248 843 418 881 quatenus
433 835 597 881 indigeat,
613 835 858 882 quindennium
871 838 1048 885 tamquam
1062 838 1152 872 male*
1164 861 1175 876 ,

246 892 288 916 ac
303 883 433 917 nullitcr
448 893 641 930 perceptum
655 907 664 922 ‚
681 885 733 917 vel
752 882 835 919 illud
850 883 884 918 in
900 883 975 921 usus
989 895 1174 930 pauperum

247 938 404 973 crogare.
415 932 466 965 vel
477 931 571 966 alteri
587 929 649 965 Pio
665 931 760 964 Loco
769 930 936 975 applicare
951 931 1094 967 arbitrio
1107 932 1177 966 Or-

250 975 397 1017 dinarii,
425 977 447 1012 fi
474 976 601 1013 fruetus
615 977 842 1013 canonicales
862 977 1010 1014 distineri
1024 974 1096 1013 funt
1110 1003 1119 1017 ‚
1142 982 1175 1013 &

251 1024 394 1069 separati
408 1026 428 1059 a'
443 1024 553 1060 Mensa
565 1024 753 1070 Capitulari
769 1048 778 1063 ,
807 1024 828 1059 fi
848 1026 928 1061 vcro
943 1025 1089 1063 tlistiusti
1106 1037 1174 1062 non

247 1067 324 1107 sunt
337 1096 347 1111 ,
362 1081 491 1109 tenetur
505 1071 589 1109 illud
603 1072 768 1108 restituere
783 1071 947 1118 Capirulo
962 1097 972 1107 .

430 1166 939 1203 SUMMARIUM.

250 1270 270 1296 ,ι
297 1257 376 1297 Τιὺη
387 1261 536 1297 Canonici
551 1260 689 1306 Ecclesia·
702 1261 897 1297 cathedralis
910 1285 920 1300 ‚
941 1259 1038 1308 qua'm
1061 1261 1175 1309 reliqui

342 1319 448 1345 omnes
458 1309 572 1343 Clerici
582 1307 763 1350 Beneficiati
773 1332 783 1347 ‚
805 1309 862 1354 qui
871 1310 1043 1343 convenire
1064 1307 1174 1345 debent

342 1357 375 1391 in
388 1356 507 1401 synodo
522 1354 856 1397 Diaecesana‚tenentur
867 1356 954 1389 Fidei
962 1352 1173 1402 profeffionem

339 1404 479 1438 emittere
489 1403 521 1435 in
531 1399 678 1436 manibus
694 1401 802 1447 Episco
825 1403 838 1435 ἱ
848 1425 857 1435 .

250 1459 272 1485 2
295 1448 435 1485 Parocbi
443 1456 585 1483 tenentur
598 1449 686 1483 Fidei
693 1409 903 1493 profeffiimem
911 1450 1050 1485 emittere
1058 1450 1092 1485 in
1105 1461 1174 1486 ma-

339 1494 432 1531 nibus
445 1494 590 1540 Episcopi
599 1519 608 1533 ‚
617 1493 690 1538 sivi?
703 1496 828 1531 Vicarii
844 1495 1006 1531 Generalis
1022 1521 1032 1532 .

248 1553 266 1587 3
295 1544 396 1578 Sicuti
414 1542 583 1588 Episcopus
603 1543 757 1578 remittere
781 1544 889 1589 nequit
901 1542 1029 1587 fruetus
1048 1543 1173 1591 amiffos

339 1588 411 1624 ante
422 1587 559 1635 emiffam
569 1589 656 1624 Fidei
663 1587 869 1635 profeffionem
880 1613 891 1629 ,
912 1587 961 1626 ita*
972 1602 1026 1626 nec
1040 1591 1112 1628 illos
1124 1604 1172 1629 re·

337 1638 460 1671 mittere
468 1635 562 1682 potes?
574 1636 758 1683 Capitulum
771 1662 781 1672 .

244 1696 270 1727 4
294 1681 536 1727 Distributiones
564 1685 754 1730 quotidianae
777 1683 902 1731 proprie
924 1686 985 1720 dici
1010 1694 1172 1733 nequeunt

335 1738 514 1776 proventus
527 1728 670 1773 Beneficii
680 1754 689 1769 ‚
699 1731 722 1773 s
719 1733 753 1766 ed
766 1733 977 1778 acquiruntur
989 1745 1028 1769 ex
1037 1732 1145 1770 labore
1159 1757 1170 1774 ‚

341 1779 385 1813 (θ’
400 1775 605 1823 intereffentia
618 1778 650 1811 in
660 1779 785 1812 divinis
799 1803 808 1812 .

245 1836 262 1871 ς
297 1824 462 1905 Dispogtio
470 1824 602 1870 paenalis
613 1822 822 1871 restringenda
832 1826 940 1875 potitis
950 1851 960 1867 ,
983 1825 1079 1872 qudm
1092 1828 1174 1864 dila-

338 1879 393 1908 tan
418 1884 436 1906 a
451 1895 460 1904 ι

242 1922 268 1957 6
294 1921 403 1955 Etiam
429 1916 662 1958 distributiones
691 1921 881 1967 quotidiana
914 1923 1107 1958 amittuntur
1129 1921 1172 1958 ab

335 1966 497 2002 omittente
509 1968 598 2002 Fidei
613 1965 840 2012 profcffionem,
855 1970 978 2013 quando
991 1980 1092 2005 omnes
1099 1969 1174 2015 ftu—

337 2015 408 2049 οἶκε
421 2011 563 2055 Beneficii
583 2013 742 2058 consistunt
761 2015 793 2050 in
807 2014 885 2058 solis
897 2014 1170 2060 distributionibus

336 2061 530 2106 quotidianis
540 2085 552 2094 .

244 2117 267 2152 7
291 2108 468 2143 canonicus
478 2106 587 2149 statim
600 2106 620 2142 d
644 2109 694 2144 die
705 2109 824 2157 adeptae
834 2107 1016 2157 poffleffionis
1028 2113 1169 2160 acquirit

341 2163 456 2188 vocem
466 2156 497 2190 in
509 2155 655 2202 Capitulo
668 2179 678 2190 .

247 2204 268 2238 8
294 2200 480 2282 Aequiptio
500 2205 761 2250 quindenniorum
774 2205 920 2252 dependet
939 2204 960 2241 d
972 2216 1055 2242 voce
1065 2207 1098 2243 in
1111 2211 1170 2242 Ca—

337 2258 406 2293 patu
423 2260 460 2283 o.

246 2305 269 2337 9
293 2293 513 2342 „Accefforium
519 2296 664 2345 sequitur
673 2307 822 2335 naturam
830 2299 885 2343 fui
891 2297 1079 2347 principalis
1090 2325 1100 2335 .

224 2352 270 2378 ιο
294 2344 326 2376 Si
337 2344 510 2377 canonicus
526 2345 660 2390 emiserit
671 2347 759 2381 Fidei
764 2344 973 2394 profeffionem
991 2346 1077 2383 intra*
1090 2348 1170 2383 duos

339 2390 453 2432 menses
477 2394 617 2438 acquirit
630 2394 853 2440 quindennium
876 2394 1033 2438 decursum
1043 2395 1077 2430 in
1097 2393 1170 2441 ipsis

341 2435 462 2471 duobus
472 2437 628 2484 mensibus
637 2465 647 2474 .

227 2491 271 2519 11
299 2485 471 2518 canonicus
491 2485 608 2521 habens
619 2487 779 2523 indultum
785 2488 975 2535 percipiendi
984 2488 1170 2532 frub'tussui

341 2531 548 2583 Canonicatus
557 2534 652 2568 etiam
663 2535 736 2570 ante
744 2533 764 2569 d
770 2538 787 2578 Ι
789 2546 805 2569 e
814 2532 951 2580 emissam
960 2532 1170 2581 profeffionem

335 2573 410 2629 fidet
419 2599 442 2630 .’
475 2581 619 2624 acquiret
639 2582 735 2616 etiam
758 2582 983 2629 quindennium
1005 2583 1168 2626 decursum

340 2630 426 2656 intra
435 2627 594 2667 praeditlos
606 2628 685 2662 duos
695 2629 810 2671 menses
821 2653 831 2662 .

221 2677 266 2705 12
293 2670 468 2703 canonicus
487 2671 606 2706 habens
627 2675 788 2709 indultum
805 2672 958 2721 abeffendi
979 2699 991 2715 ‚
1027 2687 1064 2710 ac
1088 2676 1168 2711 uirit

339 2717 562 2772 quindennium
571 2742 580 2756 ‚
602 2720 722 2764 etiamsi
729 2720 767 2755 ob
776 2720 947 2765 absentiam
955 2733 1015 2758 non
1022 2685 1110 2770 polit
1119 2723 1168 2760 in-

339 2770 392 2797 tra
402 2763 480 2816 riuos
490 2765 603 2804 menses
611 2764 820 2810 profeffionem
832 2770 973 2804 emittere
983 2793 993 2804 .

221 2819 240 2844 1
247 2818 264 2853 3
294 2810 655 2891 Canomcuiicpllegiatae
666 2824 724 2848 non
734 2823 857 2850 tenetur
871 2817 1009 2851 emittere
1015 2813 1170 2863 proseffio-

335 2867 409 2892 nem
421 2862 460 2891 F!
480 2869 506 2891 et
519 2881 528 2890 .

219 2912 268 2948 14
293 2905 383 2940 Fidei
385 2901 530 2958 profeffio
548 2903 614 2951 post
625 2906 703 2941 duos
722 2908 837 2950 menses
847 2908 949 2956 emissa
964 2909 1087 2956 proficit
1096 2918 1166 2946 tan-

337 2951 406 2987 nim
429 2962 465 2988 m
483 2954 632 2993 futurum
646 2956 688 2988 ad
701 2957 890 3000 acquirenda
908 2959 1099 3002 quindennia
1113 2958 1165 2991 de-

335 3001 494 3035 currenda
509 3022 520 3037 ,
542 3010 603 3034 non
623 3007 729 3035 autem
752 3002 786 3035 in
805 3005 1000 3048 prater-itum
1021 3004 1062 3040 ad
1075 3004 1166 3048 quin-

334 3047 482 3081 dennium
493 3046 662 3089 decursum
672 3071 682 3081 .

216 3097 260 3136 15
285 3092 490 3140 Inquisitores
511 3105 573 3129 non
589 3095 772 3129 emittentes
790 3093 1000 3141 profeffionem
1015 3097 1102 3132 Fidei
1115 3097 1163 3131 in-

338 3139 389 3173 tra*
402 3141 582 3185 legitimum
591 3148 716 3186 tempus
727 3164 738 3179 ,
756 3143 949 3188 participare
959 3152 1116 3188 nequeunt
1125 3145 1162 3179 de

334 3188 526 3230 quindennio
536 3187 663 3231 decurso
673 3185 740 3234 post
752 3190 831 3223 duos
843 3189 969 3232 menses,
980 3198 1076 3236 prout
1084 3199 1161 3236 par-

332 3233 467 3278 ticipare
477 3244 634 3280 nequeunt
657 3237 694 3271 de
702 3233 866 3280 frut‘tibus
879 3236 1014 3280 suorum
1027 3240 1161 3272 Canoni-

332 3286 464 3314 catuum
477 3305 488 3314 .

218 3334 233 3361 1
241 3326 264 3361 6
288 3324 373 3359 Solet
386 3323 523 3360 obtineri
531 3328 714 3363 condonatio
725 3328 891 3370 frufluum
901 3328 940 3364 ob
950 3341 1009 3364 non
1020 3328 1157 3374 emissam

330 3373 419 3408 Fidei
427 3371 637 3417 proseffionem
649 3373 731 3409 intra*
743 3374 884 3421 legitima
899 3377 1157 3420 temporadnjun-

786 109 1035 183 Joannis
1057 114 1267 196 Lopez
1299 110 1379 178 de
1397 113 1602 179 Leone
1627 159 1642 184 ‚

1385 230 1434 262 cto
1445 239 1535 261 onere
1545 224 1780 274 quampri’mrim
1791 225 1882 261 illam
1895 226 2054 263 emittendi
2065 253 2074 263 .

1272 285 1312 317 17
1338 273 1478 320 Conceffi)
1491 299 1499 311 ‚
1526 278 1609 323 quod
1623 271 1731 314 majus
1745 297 1755 312 ‚
1770 285 1807 309 ac
1819 274 1977 319 difficilius
1991 273 2030 316 esi
2046 299 2056 313 ,
2081 276 2215 320 videtur

1389 322 1558 366 concessum
1570 346 1578 358 ,
1591 324 1673 368 quod
1684 322 1790 356 minus
1801 347 1809 360 ‚
1821 334 1858 356 ac
1865 321 2002 364 facilius
2013 319 2052 361 esi
2064 346 2073 355 .

1274 373 1313 406 18
1339 372 1419 416 Non
1429 367 1515 404 debet
1528 380 1684 404 remanere
1694 369 1851 415 impunita
1866 368 2057 413 negligentia
2068 372 2211 405 emittere·

1383 417 1419 498 ἱίῐ
1428 413 1634 463 profeffionem
1647 417 1733 450 Fidei
1746 439 1756 454 ,
1780 424 1889 451 contra
1905 415 2093 458 sanciionem
2104 419 2211 453 Conci·

1399 474 1496 499 mrem.
1510 486 1518 496 .

1272 523 1314 556 ¹9
1339 509 1503 556 DIspofitio
1519 511 1556 545 de
1568 522 1602 546 re
1611 511 1715 546 allona
1735 520 1795 546 non
1813 518 1897 546 tenet
1915 512 1949 545 in
1968 508 2213 556 praejudicium„

1385 558 1532 592 Domini.

1270 614 1314 641 20
1337 606 1445 646 Nemo
1458 604 1512 639 dat
1526 627 1536 643 ,
1552 606 1634 652 quod
1647 617 1705 640 non
1720 602 1837 640 habet.

1269 663 1308 688 21
1337 656 1429 732 Ῥαία
1441 651 1607 697 tamqua'm
1621 654 1774 686 Dominus
1786 651 1950 695 absolutus
1971 652 2003 686 in
2023 649 2211 695 beneficiali*

1402 708 1437 731 us
1449 722 1458 734 ,
1473 695 1548 733 bene
1560 698 1654 742 potes!
1669 697 1875 746 praejudicare
1887 700 1998 734 tertio.

1262 758 1304 782 22
1329 743 1514 790 Capitulum
1527 744 1566 786 eli
1576 744 1708 791 fimplex
1720 745 2038 788 ‚Adniiniliratorseu
2051 753 2211 783 Procura-

1374 800 1424 826 tor
1436 814 1445 829 ,
1457 790 1629 840 praesertim
1641 790 1811 839 antequam
1819 794 1950 838 fruetus
1965 793 2186 831 Praebendales
2197 818 2208 835 ,

1379 841 1420 873 ὕ]
1435 838 1672 883 quindenniales
1682 840 1874 875 dividantur
1889 842 1969 875 inter
1980 841 2153 877 eanonicos
2165 865 2176 875 .

1260 897 1300 933 ²3
1329 886 1505 921 eanonicus
1517 884 1655 931 Ecclefiae
1667 885 1863 932 collegiatae,
1884 888 1981 922 etiam
1998 887 2134 924 nondum
2158 889 2208 924 in·

1371 931 1525 974 stallatus
1534 957 1546 973 ‚
1563 930 1601 974 est
1612 942 1718 980 capax
1729 934 1921 983 percipiendi
1931 935 2161 983 quindennium
2174 960 2185 971 .

1389 1027 1857 1066 CAPITULUM
1905 1028 1948 1064 C.

1229 1121 1283 1199 P
1293 1120 1463 1167 Ostquam
1477 1120 1627 1158 vidimus
1639 1147 1650 1163 ,
1663 1121 1697 1159 in
1711 1121 1836 1169 quibus
1845 1121 1973 1161 casibus
1987 1123 2103 1159 Cano-

1313 1168 1409 1205 nicus
1423 1180 1491 1205 non
1505 1168 1697 1206 interessens
1723 1171 1888 1225 Capitulo
1903 1170 2107 1217 participare

1234 1215 1338 1269 poffit
1351 1215 1392 1251 de
1405 1216 1630 1261 quindenniis‚
1645 1228 1734 1254 nunc
1749 1217 1936 1254 videndum
1951 1216 2109 1265 sequitur.

1233 1273 1268 1298 m
1279 1262 1404 1308 quibus
1415 1263 1546 1300 casibus
1560 1264 1759 1300 Canonicus
1771 1264 2023 1306 intereffe11s‚vel
2036 1275 2110 1301 non

1232 1307 1420 1347 intereffens
1445 1311 1608 1358 capitulo
1620 1336 1631 1352 ,
1655 1322 1726 1347 non
1747 1311 1926 1359 participet
1952 1312 1995 1347 de
2008 1309 2111 1358 quin-

1231 1355 1364 1391 denniis
1373 1381 1383 1396 ,
1394 1357 1675 1406 exemplificanda
1688 1359 1721 1394 in
1735 1360 1928 1399 canonico,
1939 1358 1997 1402 qui
2013 1357 2109 1395 Fidei

1231 1401 1474 1440 Profeffionem
1497 1417 1567 1441 non
1590 1403 1733 1442 emiserit
1745 1405 1788 1443 de
1802 1416 1954 1452 tempore
1967 1406 2108 1442 recolle-

1231 1449 1356 1486 ffionis
1368 1450 1566 1499 quindennii
1575 1477 1586 1490 .

1277 1497 1336 1532 Ad
1348 1509 1497 1545 quorum
1516 1498 1656 1547 quidem
1679 1499 1936 1546 intelligentiam
1957 1497 2107 1545 praemit·

1229 1544 1371 1581 tendum
1382 1544 1428 1581 est
1440 1569 1450 1586 ,
1474 1546 1572 1594 quod
1594 1547 1667 1582 tarn
1682 1546 1849 1588 Canonici
1874 1547 2024 1583 Ecclesiae
2036 1548 2104 1583 Ca·
2131 1553 2148 1589 ι

1230 1590 1394 1628 thedralis
1407 1616 1416 1632 ,
1444 1595 1548 1641 quam
1563 1593 1681 1641 reliqui
1704 1605 1824 1630 omnes
1837 1593 1957 1629 Clerici
1978 1593 2107 1628 Benefi-

1231 1638 1311 1675 ciati
1325 1663 1336 1680 ,
1347 1640 1406 1686 qni
1419 1641 1597 1677 convenire
1610 1641 1732 1677 debent
1748 1641 1782 1676 in
1806 1640 1950 1689 Synodo
1975 1639 2113 1676 Dioece·

1231 1683 1315 1722 sana
1327 1709 1337 1727 ,
1355 1697 1530 1725 teneantur
1545 1687 1636 1724 Fidei
1658 1686 1895 1733 professionem
1908 1686 2062 1723 emittere
2073 1686 2111 1723 in

1231 1733 1342 1780 prima
1355 1735 1499 1781 synodo
1512 1734 1712 1772 Dioecesana
1724 1759 1735 1775 ,
1756 1733 1809 1771 scu
1826 1733 2054 1775 provinciali,
2074 1734 2112 1770 iu

1232 1780 1394 1817 manibus
1408 1783 1432 1817 E
1459 1781 1651 1831 iscopi‚five
1664 1781 1869 1818 Praefidentis
1881 1781 1986 1828 ipfius
1999 1783 2109 1826 Syno-

1231 1827 1267 1863 di
1282 1853 1291 1867 ‚
1312 1829 1411 1872 juxta
1439 1831 1630 1866 anetioncm
1644 1831 1734 1865 sacri
1746 1829 1893 1865 Concilii
1910 1826 2105 1864 Tridentini

1225 1873 1294 1922 sess.
1308 1888 1353 1919 24
1374 1879 1410 1911 de
1423 1877 1561 1922 Reform.
1573 1885 1662 1922 capa
1672 1889 1701 1912 2.
1716 1877 1784 1912 late
1796 1873 1948 1923 Maffobr.
1959 1877 1996 1911 de
2009 1879 2106 1922 Syno-

1230 1924 1269 1957 do
1288 1923 1466 1966 Dioecesana
1479 1934 1584 1972 cap.4.
1597 1922 1732 1969 dub.39.
1747 1935 1818 1959 cum
1827 1923 1915 1970 seqq.
1934 1921 2106 1958 ,Antonell-

1228 1971 1265 2005 de
1278 1967 1378 2016 jurib.
1391 1976 1433 2009 (9⁵
1446 1970 1563 2009 ocerib.
1577 1972 1686 2008 cleric.
1698 1969 1789 2006 tib.2.
1798 1975 1908 2018 par.6.
1922 1980 2104 2006 cdo-nno.

1230 2022 1313 2062 Rota
1324 2019 1360 2053 de
1372 2029 1464 2064 exeq.
1474 2020 1559 2055 liter.
1567 2018 1713 2067 apostol.
1729 2029 1799 2064 par.
1807 2029 1834 2052 1.
1848 2027 1916 2063 cap.
1925 2029 1935 2052 1
1943 2027 1976 2061 4.
1986 2027 2062 2051 nu.2
2066 2026 2105 2058 9.

1227 2075 1299 2100 cum
1303 2064 1390 2112 seqq.
1416 2066 1582 2102 Canonici
1597 2067 1676 2101 vero
1691 2064 1910 2100 Cachedralis
1928 2062 2075 2098 Ecclefiae
2086 2086 2099 2101 ,

1227 2113 1260 2145 &
1275 2111 1422 2147 Parochi
1439 2112 1525 2148 infra
1538 2113 1627 2148 duos
1649 2110 1775 2148 menses
1787 2112 1808 2146 a
1821 2110 1877 2145 die
1898 2120 2005 2155 captae
2026 2107 2102 2155 pos-

1227 2155 1377 2193 seffionis
1387 2171 1427 2193 ex
1438 2162 1541 2194 eo'dem
1553 2159 1666 2194 Concil-
1674 2155 1804 2203 feffi24.
1816 2159 1853 2192 de
1867 2157 1999 2201 Reform.
2011 2167 2102 2192 c.12.

1228 2206 1261 2240 in
1269 2206 1404 2251 princip.
1413 2206 1498 2250 vers.
1507 2204 1630 2252 provisi
1639 2207 1744 2239 etiam.
1759 2209 1802 2240 (9·
1813 2203 1898 2247 vers.
1908 2202 2034 2249 provisi
2041 2214 2102 2239 au-

1227 2259 1290 2287 tem
1299 2276 1309 2290 ‚
1321 2254 1365 2287 &¹
1374 2264 1414 2287 ex
1426 2252 1519 2288 Bulla
1533 2255 1591 2296 89.
1605 2253 1661 2286 Pii
1674 2258 1691 2287 l
1695 2256 1726 2286 V
1727 2275 1737 2284 .
1751 2251 1872 2286 Bullar.
1887 2257 2103 2294 Romantoa.

1228 2298 1398 2334 canonici
1413 2298 1534 2344 nempe*
1544 2297 1664 2334 tamin
1675 2298 1834 2333 manibus
1847 2295 2016 2343 Episcopi,
2031 2295 2103 2331 live

1229 2355 1271 2381 eo
1282 2344 1453 2390 impedito
1462 2371 1474 2385 ,
1483 2345 1518 2380 in
1532 2344 1690 2381 manibus
1702 2344 1828 2380 Vicarii
1839 2343 2025 2382 Generalis,
2040 2353 2103 2379 nce

1227 2403 1297 2427 uon
1312 2391 1346 2427 in
1361 2392 1525 2437 capitulo
1535 2417 1545 2431 ,
1563 2391 1709 2428 Parochi
1723 2392 1849 2426 veroin
1860 2390 2018 2426 manibus
2030 2399 2104 2425 tan·
2127 2405 2148 2431 2

1227 2439 1302 2474 ttim
1313 2437 1470 2484 Episcopi
1485 2462 1494 2477 ,
1520 2438 1588 2473 five:
1603 2437 1729 2472 Vicarii
1754 2437 1950 2476 Generalis,
1975 2437 2019 2472 de
2033 2447 2105 2482 quo

1226 2485 1363 2521 abunde
1379 2484 1516 2528 Barbosa
1534 2486 1572 2521 de
1583 2486 1729 2522 canonic.
1743 2486 1786 2521 Θ·
1799 2486 1955 2530 Dignitat.
1971 2492 2100 2530 cap-17.

1226 2534 1270 2569 (r
1283 2533 1319 2567 cle
1331 2531 1575 2579 Paroch.cap.4.
1586 2531 1796 2567 antonellaie
1807 2530 1870 2577 jur.
1881 2533 1924 2567 &⁴
1935 2543 2018 2566 oner.
2033 2531 2102 2566 Cle·

1225 2580 1285 2615 ric.
1296 2576 1388 2614 mm.
1397 2583 1505 2625 par.6.
1525 2589 1653 2624 capto.
1673 2578 1794 2621 ‘Pyrrh-
1816 2579 1944 2614 carrad.
1957 2579 1993 2614 in
2005 2585 2102 2621 prax-

1224 2623 1324 2669 benef.
1334 2623 1424 2661 liba.
1435 2629 1564 2671 cap.16.
1575 2637 1640 2660 n.2.
1653 2627 1695 2662 (9⁸
1705 2635 1761 2671 per
1770 2632 1830 2661 tot.

1273 2670 1413 2718 Qibus
1428 2671 1600 2716 praeiniffis
1611 2671 1827 2707 resolviturin
1838 2668 2099 2718 praesenti,qu6d

1225 2720 1419 2754 Canonicus
1431 2718 1580 2753 Ecclefiae
1592 2718 1807 2754 cathedralis
1817 2743 1828 2759 ,
1839 2718 1898 2764 qni
1913 2717 2004 2752 Fidei
2020 2728 2100 2762 pro·

1225 2764 1398 2801 fessionern
1423 2776 1493 2800 non
1516 2763 1660 2800 emiserit
1679 2766 1722 2800 de
1746 2774 1898 2812 tempore
1909 2762 2098 2799 exactionis

1223 2811 1422 2858 quindennii
1433 2836 1443 2852 ,
1476 2811 1608 2859 ejusque
1629 2811 1876 2848 distributionis
1899 2811 1985 2845 inter
2010 2810 2099 2844 alios

1227 2859 1490 2895 Concanonicos
1503 2857 1595 2894 faetae
1608 2883 1619 2898 ‚
1644 2859 1774 2894 etiamsi
1789 2855 1972 2894 interfuerit
1990 2855 2099 2902 Capi-

1224 2909 1310 2946 tulo,
1322 2908 1372 2942 vel
1385 2917 1426 2941 ex
1440 2905 1550 2951 gratia
1560 2904 1696 2940 habitus
1707 2902 1806 2941 fuerit
1818 2907 1837 2940 a
1853 2904 2016 2947 Capitulo
2028 2914 2092 2949 pro

1223 2952 1378 3000 praesente
1391 2953 1427 2988 in
1442 2953 1626 2999 capitulo,
1649 2952 1762 2988 adhuc
1779 2962 1847 2986 non
1868 2949 1977 2995 potest
1992 2950 2100 2995 parti-

1224 3001 1336 3047 cipare
1351 3001 1394 3036 de
1406 2999 1613 3046 quindennio
1623 3022 1634 3038 ,
1646 2997 1757 3033 immo
1768 2997 1800 3031 in
1812 2997 1885 3031 casu
1899 3021 1908 3034 ,
1921 3007 1993 3041 quo
2003 2997 2101 3043 quin-

1222 3047 1388 3087 dennium
1416 3046 1598 3092 perceperit
1619 3055 1681 3090 pro
1701 3042 1757 3078 sua
1769 3052 1843 3077 rata
1864 3041 1923 3078 sub
1937 3053 2098 3094 praetextu

1222 3093 1446 3131 interess'entiae
1460 3094 1492 3128 in
1506 3092 1685 3138 capitulo,
1709 3091 1759 3125 vel
1771 3088 1894 3137 absque
1907 3090 2092 3126 interellen-

1221 3141 1270 3178 tia
1284 3153 1324 3177 ex
1349 3138 1418 3186 ipsa
1437 3136 1648 3183 indulgentia
1671 3134 1822 3182 Capituli
1836 3161 1845 3175 ,
1874 3135 2096 3172 nihilominds

1221 3198 1352 3225 tenetur
1372 3186 1538 3223 restituere
1562 3183 1703 3218 Fabricae
1732 3184 1875 3219 Ecclefiae
1889 3209 1898 3223 ‚
1922 3185 2092 3228 quatenns

1219 3234 1370 3280 indigeat
1380 3230 1623 3278 quindennium
1638 3231 1816 3276 tamquam
1830 3230 1920 3266 male
1934 3253 1944 3268 ‚
1966 3241 2007 3265 ac
2023 3232 2097 3266 nul-

1217 3282 1292 3317 liter
1302 3287 1497 3327 perceptum
1508 3300 1519 3316 ‚
1533 3278 1582 3311 vel
1597 3277 1679 3311 illud
1690 3277 1725 3311 in
1739 3274 1813 3313 usus
1823 3288 2008 3323 pauperum
2020 3287 2094 3312 ero-

1217 3338 1296 3378 gare
1310 3351 1320 3365 ,
1337 3327 1384 3359 vel
1399 3322 1493 3358 alteri
1508 3321 1570 3358 Pio
1587 3324 1680 3358 Loco
1690 3324 1853 3370 applicare
1870 3323 2011 3359 arbitrio
2026 3324 2092 3357 Or-

1214 3371 1335 3409 dinarii
1351 3396 1362 3411 ‚
1375 3370 1398 3407 fi
1411 3368 1539 3408 frufius
1555 3371 1781 3410 canonicales
1794 3370 1943 3409 distineat
1950 3369 2044 3455 [sunm
2060 3373 2094 3405 &

1964 3427 2041 3463 epa·
