2295 3757
291 128 374 195 44

344 232 416 256 non
419 221 542 268 gaudet
554 219 665 255 inultis
674 217 860 265 privilegiis
871 241 880 256 ‚
905 213 1025 264 quibus
1041 213 1164 268 gaudet

346 268 416 310 Hos
411 268 508 313 pitale
513 268 684 312 fundatum
696 265 887 302 auctoritate
899 263 1058 297 ordinarii
1073 283 1083 296 .
1127 307 1134 314 .

210 330 224 358 ι
232 321 270 363 85
301 315 372 357 Hos
366 315 464 360 pitale
470 315 644 359 fundatum
651 314 714 357 sine
723 312 913 348 aunoricate
925 307 1164 345 ordinariisdrci

343 362 436 411 potcsl
447 362 668 409 quodammodo
677 362 766 406 pium
777 383 787 396 α

206 425 223 452 1
231 415 273 449 86
299 413 374 448 Tale
386 410 548 456 Hospitale
554 410 674 455 gaudet
682 406 869 453 privilegiis
880 404 942 439 loci
951 403 999 448 pii
1008 427 1019 436 .

206 464 272 505 187
297 466 453 506 Legatum
460 458 584 501 saelum
599 454 755 500 I-lospitali
767 479 776 492 ,
799 464 860 487 non
879 450 1018 493 censetur
1032 449 1159 495 fabium

346 508 466 541 ratione
479 506 539 540 loci
550 528 558 542 ,
574 502 598 545 s
593 504 628 537 cd
639 503 680 537 ad
691 501 802 544 causas
812 502 883 546 pias
893 523 902 534 .

204 558 270 594 188
294 556 430 591 Ῥὶἑῖιινι
441 553 522 588 alicu
528 549 578 596 jus
590 549 695 584 santii
705 572 714 586 ,
729 550 845 582 dicitur
855 545 1003 595 res-sacra
1015 570 1024 579 .

205 606 272 648 189
296 600 457 644 Hospitale
467 601 562 634 etiam
574 597 745 642 privatum
757 607 816 629 non
831 592 979 638 subtacet
991 594 1158 627 detraccio-

343 650 375 683 ni
386 645 616 682 Trebellianicae
629 667 638 682 ‚
656 651 714 677 aut
725 642 870 677 Falcidia
881 665 890 674 .

204 708 218 736 x
224 710 270 743 90
294 695 365 738 Hos
358 694 439 741 pital
442 705 457 727 e
465 694 560 728 etiam
570 702 630 726 non
639 692 772 725 ereetum
783 690 973 724 atteteritate
984 687 1153 722 ordinarii,

335 744 362 786 fi
374 739 413 780 est
421 748 607 787 perpetuum
621 763 631 776 ,
645 738 763 772 dicitur
773 737 860 771 locus
872 737 946 781 pius
958 758 966 766 .

202 803 265 837 191
294 790 487 828 Declaratur
506 784 613 820 Decis.
627 786 706 828 318.
725 782 760 818 iu
773 792 892 818 annot.
912 780 988 825 post
1013 791 1107 815 num.
1120 791 1154 823 7.

340 846 455 872 coram
470 834 688 868 Innocent.X.

203 897 266 932 192
292 888 316 921 C
317 883 541 928 onsraternitas
562 881 662 914 erecta
672 878 863 913 amfioritate
875 876 1041 911 ordinaria
1054 885 1063 912 3
1076 872 1154 916 sub-

339 929 421 975 jacet
432 931 576 963 Extrava
581 922 812 972 g.An1biti0sae
824 925 866 959 de
877 920 1067 958 reb.Ecc1es.
1085 933 1153 956 non

336 977 436 1013 aneu.

201 1038 265 1071 193
295 1026 393 1067 Layci
403 1022 523 1061 melius,
540 1018 635 1067 qudm
648 1021 760 1055 clerici
764 1016 942 1065 gubernant
956 1015 1154 1062 Hospitalia.

195 1086 215 1110 Ἰ
222 1086 270 1118 94
293 1073 362 1114 Hos
357 1071 454 1118 pitale
467 1076 503 1106 Β.
514 1074 564 1104 Μ.
575 1068 797 1112 Consolationis
808 1068 845 1102 de
855 1063 946 1100 vrbe
956 1064 996 1107 esi
1005 1063 1154 1108 Ecclesia-

337 1119 446 1159 slicum
459 1141 468 1151 .

201 1180 262 1212 195
292 1168 420 1202 ninum
431 1172 534 1199 tamen
546 1162 616 1204 Hos
609 1162 707 1208 pitalc
716 1170 772 1210 per
785 1161 891 1207 laycos
902 1160 1026 1205 regitur
1038 1183 1048 1194 .

203 1219 269 1258 196
295 1212 456 1258 Hospitale
466 1210 727 1255 diciturlaycale,
746 1209 774 1254 si
791 1215 920 1254 regatur
934 1206 1081 1253 a'laycis‚
1105 1206 1150 1241 &¹

334 1269 438 1295 careat
451 1258 639 1292 auctoritate
649 1258 819 1291 ordinaria
827 1280 838 1289 .

198 1321 263 1354 197
289 1305 466 1353 Hospitalia
479 1303 615 1351 laycalia
625 1312 769 1338 tenentur
781 1305 822 1338 ad
834 1302 1023 1345 quindennia
1032 1324 1043 1335 .

197 1360 262 1401 198
289 1359 326 1388 ln
337 1354 505 1389 Germania
513 1346 892 1395 Extravag.Ambitiosae
903 1350 945 1383 de
957 1344 1146 1382 reb.ficc1es.

331 1412 399 1435 non
416 1400 509 1432 alien.
524 1410 583 1432 non
598 1396 637 1439 esi
648 1398 703 1439 usu
713 1405 835 1442 recepta
848 1421 856 1430 .

198 1461 263 1496 199
287 1451 304 1480 I
307 1461 325 1483 n
344 1445 489 1482 omnibus
510 1443 725 1491 Hospitalibus
752 1443 818 1479 ta'm
849 1444 958 1478 erebtis
978 1442 1122 1487 consensu
1134 1469 1142 1482 ‚

327 1493 423 1544 quam
438 1493 503 1538 fine
516 1492 655 1535 consensu
667 1492 827 1526 ordinarii
839 1499 1023 1527 exercentur
1042 1493 1145 1537 pieta-

328 1545 371 1578 tis
386 1551 478 1588 opera
493 1565 502 1574 .

190 1602 259 1629 200
281 1591 437 1634 Rejicitur
451 1586 585 1622 Riccius
599 1586 631 1621 in
646 1586 833 1631 prax.Ecc1.
844 1594 939 1631 parte
958 1584 1082 1621 1.res01.
1087 1596 1143 1629 37.

326 1648 418 1672 num.
439 1647 466 1669 1.
494 1633 757 1669 verfic.1ecunda
767 1659 777 1673 ‚
806 1637 840 1668 &
854 1633 966 1669 verfic.
987 1631 1088 1668 tertia
1103 1633 1143 1668 fit

325 1695 390 1718 con
396 1681 496 1717 clufio
508 1704 518 1715 .

183 1744 247 1769 201
275 1730 436 1777 Hospitale
457 1741 516 1763 non
528 1731 664 1764 erec'lum
675 1729 864 1765 auctoritate
878 1728 1039 1763 Ordinarii
1048 1752 1058 1768 ,
1083 1742 1142 1764 non

322 1776 464 1823 subjacet
480 1777 612 1810 Extrav.
628 1773 822 1810 Ambitiosae
837 1800 846 1808 .

186 1838 251 1866 202
280 1834 327 1862 De
340 1836 399 1872 quo
413 1833 514 1858 tamen
530 1823 667 1857 Author
680 1822 780 1857 valde
791 1821 930 1858 dubitat.

184 1886 249 1919 203
277 1874 389 1909 Omnia
401 1877 482 1906 Loca
493 1871 558 1904 ‘Pia
577 1870 887 1916 comprehenduntur
902 1868 922 1913 s
924 1867 964 1904 ub
976 1871 1060 1906 dicta
1075 1872 1140 1906 Ex-

324 1930 455 1962 travag.
462 1916 535 1961 five
542 1916 603 1960 ftnt
610 1917 750 1960 fundata
764 1919 953 1952 auctoritate
966 1921 1137 1958 Ordinarii,

306 1964 458 2010 >fivesine
468 1965 526 1999 illa
537 1988 546 1998 .

187 2027 256 2061 204
280 2014 469 2051 Declaratur
482 2015 604 2045 Statut.
618 2010 702 2047 Urb.
719 2011 793 2046 liba
803 2036 810 2045 .
821 2014 956 2056 cap-88.
972 2011 1002 2046 in
1016 2012 1080 2048 fine
1090 2038 1099 2047 .

189 2076 251 2107 205
278 2060 439 2106 'Hospitalc
462 2057 579 2094 habens
596 2059 808 2104 privilegium
823 2083 832 2097 ,
855 2059 936 2094 illud
948 2072 1006 2095 non
1017 2062 1138 2096 amittit

327 2107 385 2150 abs
382 2117 441 2152 que
445 2106 576 2151 speciali
588 2108 786 2150 derogatione
799 2131 808 2139 .

191 2161 259 2193 206
284 2153 444 2200 Hospitale
457 2152 495 2195 esi
507 2152 594 2188 locus
602 2153 719 2198 semper
730 2161 864 2194 paratus
877 2155 917 2188 acl
927 2156 1137 2202 recipiendum

348 2213 388 2237 au
412 2211 476 2234 cres
487 2225 496 2233 .

187 2262 255 2296 207
280 2251 298 2282 1
301 2208 410 2290 npcasss
427 2248 600 2292 paucitatis
610 2245 807 2288 Infirmorum
821 2273 830 2287 ‚
848 2248 980 2291 fruitus
990 2249 1061 2291 Hos
1052 2251 1139 2295 pita-

324 2296 412 2384 lisum⁸
427 2295 574 2338 erogandi
588 2293 664 2335 sunt
687 2295 719 2328 in
736 2295 869 2337 similem
891 2296 991 2330 alium
1025 2299 1138 2342 pium)

325 2354 344 2375 u
359 2353 428 2375 um.

187 2395 254 2429 208
279 2388 440 2434 Hospitale
449 2390 543 2423 etiam
557 2390 738 2425 demolitum
749 2414 759 2429 ,
774 2401 833 2424 non
842 2397 945 2424 tamen
959 2388 1073 2434 amiffis
1083 2389 1137 2426 bo-

326 2438 374 2471 nis
384 2460 392 2474 ‚
407 2434 508 2471 adhuc
521 2444 641 2470 tenetur
652 2439 691 2473 ad
703 2438 891 2482 quindennia
904 2461 912 2469 .

184 2498 255 2531 209
279 2482 440 2529 Hospitale
447 2485 589 2517 dirutum
597 2484 697 2519 adhu'c
709 2485 820 2518 retinet
830 2484 1006 2530 privilegia
1019 2510 1029 2519 .

144 2562 152 2568 .
188 2546 208 2570 2
217 2546 259 2570 10
284 2530 417 2573 Ecclesia
428 2553 438 2569 ,
451 2535 472 2564 C
474 2531 590 2568 ivitas,
603 2531 746 2575 Populus
762 2555 771 2569 ‚
779 2529 832 2572 seu
845 2530 984 2572 Castrum
998 2534 1111 2577 eversa
1124 2559 1133 2573 ‚

321 2575 481 2626 poslea'que
492 2575 677 2617 reaedificata
689 2603 698 2616 ‚
724 2580 858 2612 retinent
863 2580 1021 2623 primaeva
1036 2579 1110 2626 jura
1125 2605 1134 2620 ,

324 2637 391 2671 quae
403 2623 472 2658 ante
487 2623 673 2666 eversionem
685 2622 844 2659 habebant
857 2649 866 2657 .

185 2686 225 2711 21
235 2687 250 2711 1
281 2681 399 2718 Recens
410 2669 480 2711 Hos
472 2671 571 2716 pitale
580 2671 658 2705 idem
670 2671 709 2714 est
720 2695 729 2709 ‚
747 2683 784 2705 ac
793 2680 894 2706 vetus
906 2694 916 2704 .

188 2735 207 2757 2
216 2735 228 2757 1
238 2735 255 2757 2
282 2721 353 2763 Hos
345 2718 443 2766 pitale
451 2716 664 2758 readificatum
676 2744 685 2759 ‚
693 2718 814 2764 semper
826 2718 864 2757 eft
876 2720 956 2755 idem
966 2745 976 2756 ‚

185 2781 203 2804 2
212 2780 248 2812 13
277 2766 351 2811 Nisi
358 2761 549 2812 suppressum
560 2763 657 2804 suerit
665 2766 852 2799 auctoritate
865 2769 1041 2814 Superioris
1053 2793 1064 2803 ,

187 2827 256 2860 214
278 2814 350 2856 Hos
341 2815 440 2860 pitale
447 2809 633 2863 destruitum
643 2809 680 2846 ob
692 2812 837 2847 delictum
849 2837 858 2851 ,
877 2817 990 2861 capitis
999 2817 1134 2851 diminn-

319 2864 433 2897 tionem
441 2866 566 2904 patitur
577 2882 587 2890 .

187 2920 248 2951 215
275 2910 346 2951 Hos
340 2908 437 2954 pitale
446 2929 455 2943 ‚
467 2914 590 2939 mortuo
597 2903 772 2946 fundatore,
784 2906 852 2940 inde
864 2910 1018 2945 redditum
1025 2918 1134 2958 perpe-

322 2965 413 2990 tuum
425 2980 434 2993 ,
449 2960 571 2986 tenetur
581 2953 623 2986 ad
635 2953 822 2993 quindennia
833 2978 842 2987 .

189 3006 257 3038 216
279 3003 401 3048 Aliqui
410 3008 513 3036 tenent
524 3023 533 3037 ‚
559 2998 722 3044 Hospitale
742 2998 825 3041 infra*
835 3013 949 3036 annum
962 3007 1134 3045 confir-uen-

327 3052 401 3084 dum
417 3047 470 3092 esse
485 3070 494 3085 ,
514 3047 640 3093 quando
658 3045 784 3088 testator
809 3047 889 3083 illud
901 3050 1034 3090 construi
1047 3067 1133 3091 man-

326 3098 404 3130 dans
415 3119 423 3133 ,
435 3106 494 3128 non
505 3093 642 3137 dessgnat
651 3100 773 3139 tempus
787 3118 796 3126 .

187 3155 254 3188 217
278 3143 358 3178 Alii
365 3151 467 3176 tenent
477 3166 486 3179 ‚
510 3140 590 3174 illud
602 3138 836 3180 construendum
850 3140 998 3188 esseinfrd
1010 3154 1132 3194 tempus

325 3187 365 3222 ab
379 3189 546 3222 ordinario
554 3185 773 3221 arbitrandum
784 3207 793 3216 ·

183 3241 251 3274 218
275 3236 466 3272 Declaratur
485 3234 624 3268 Novella
637 3233 679 3267 de
692 3234 908 3270 Ecclefiastic.
921 3236 1057 3283 tit.131.

185 3298 204 3322 2
212 3297 254 3329 19
278 3283 421 3319 Heredes
431 3278 584 3319 testatoris
594 3281 663 3324 cogi
675 3291 828 3327 nequeunt
835 3285 876 3318 ad
887 3289 1136 3323 extructionem

324 3327 499 3374 Hospitalis
511 3325 582 3359 ant&
590 3325 709 3371 lapsum
719 3340 834 3364 annum
847 3355 856 3364 .

183 3389 250 3422 220
275 3378 397 3415 Mentio
411 3372 585 3419 Hospitalis
596 3376 900 3415 &ln-..annuntiata
910 3382 1068 3428 Neapoli.

749 102 787 170 J
788 104 1007 168 oannis
1030 102 1258 185 ‘Lopez
1291 102 1370 167 de
1406 106 1611 170 Leone

1228 227 1270 252 22
1278 226 1292 251 1
1323 217 1531 254 continuatur
1540 218 1653 253 mentio
1667 213 1739 262 ejus
1735 217 1802 252 dem
1813 214 2008 262 Hospitalis.

1227 275 1294 299 222
1319 265 1559 312 Inhospitalitas
1575 264 1650 310 erga*
1662 273 1813 311 pauperes
1823 265 1856 297 in
1866 264 1936 298 odio
1945 261 2056 298 habita
2067 287 2076 297 .

1226 321 1290 355 223
1319 312 1490 360 Episcopus
1513 313 1782 350 excommunicare
1793 308 1890 360 potesl
1906 310 2042 345 clericos
2062 307 2198 355 inhospi-

1366 361 1446 395 tales
1456 387 1464 395 .

1227 419 1295 451 224
1321 409 1409 448 Usus
1419 409 1598 454 hospitandi
1603 409 1738 446 amicos,
1753 408 1893 441 etiamex
1905 404 1993 439 mille
2004 402 2130 440 ambus
2140 404 2196 441 ho-

1363 456 1545 499 spitatioms
1556 456 1594 497 csl
1609 452 1901 501 impraescriptibilis
1912 476 1922 485 .

1223 514 1242 536 2
1250 513 1292 543 25
1318 502 1472 546 Abusivc
1485 505 1570 538 ditia
1583 503 1781 549 hospitalitas
1791 498 2052 546 onushospitandi
2062 499 2192 535 milites.

1222 554 1290 584 226
1318 552 1412 584 Diela
1430 552 1526 584 etiam
1539 548 1655 584 bellica
1666 550 1863 596 hospitalitas
1873 574 1883 583 .

1220 608 1286 638 227
1314 601 1402 629 Laus
1415 596 1594 630 c.1rdinalis
1606 596 1725 641 Parisii
1736 620 1745 630 .

1218 646 1284 678 228
1312 642 1380 682 Hos
1376 654 1428 689 pes
1431 642 1571 683 sumitur
1582 651 1638 688 pro
1649 652 1806 688 receptore
1818 670 1827 684 ‚
1845 646 1889 680 (φ
1901 650 2020 689 recepto
2031 666 2042 677 .

1219 701 1288 734 ²29
1315 696 1404 725 Laus
1420 690 1743 732 Eminentis.D.card.
1759 691 1847 726 Petri
1861 689 2040 726 Marcellini
2061 687 2189 726 Corra-

1363 738 1434 772 dini
1452 762 1460 772 .

1220 797 1287 830 230
1313 785 1431 830 Hospes
1454 783 1568 820 Italice
1584 785 1730 820 vertitur
1752 785 1857 821 Hoste
1871 810 1882 826 ,
1908 787 1965 833 qui
1977 784 2087 821 Latine
2092 784 2188 828 sonat

1359 844 1522 867 mimicum
1533 857 1542 866 .

1218 891 1258 924 23
1270 892 1282 914 1
1311 886 1335 917 E
1338 889 1351 915 t
1362 880 1439 915 vere*
1450 881 1638 927 quandoque
1648 879 1724 914 talis
1736 878 1775 920 esi
1784 904 1794 913 .

1216 942 1234 963 2
1242 939 1256 972 3
1265 941 1282 962 2
1309 928 1485 971 Hispanum
1496 927 1694 962 vocabulum
1709 925 1881 962 Mesonero
1894 928 1973 974 quid
1985 951 1995 962 .

1217 985 1280 1018 233
1310 976 1485 1021 Hispanum
1500 975 1589 1010 aliud
1602 973 1804 1010 vocabulum
1821 975 1968 1009 Ventero
1984 999 1994 1009 .

1215 1033 1284 1065 234
1308 1024 1470 1065 Nationes
1481 1021 1500 1057 a*
1519 1025 1634 1058 Latina
1648 1022 1762 1068 lingua
1774 1030 1964 1057 mutuantur
1976 1023 2102 1058 Idioma
2116 1043 2126 1054 .

1215 1079 1278 1111 235
1308 1070 1490 1115 Hospitium
1500 1081 1627 1118 quoque
1637 1071 1793 1116 accipitur
1801 1077 1860 1116 pro
1870 1071 1960 1105 domo
1976 1094 1986 1104 .
2173 1075 2177 1080 ’

1214 1128 1230 1147 2
1239 1119 1282 1158 36
1308 1118 1379 1159 Hos
1373 1119 1455 1163 pites
1465 1143 1473 1156 ‚
1486 1126 1641 1162 caupones
1651 1142 1660 1156 ‚
1688 1115 1866 1152 tabernarii
1879 1140 1890 1157 ‚
1900 1117 1958 1160 seu
1968 1115 2184 1163 albergam-es

1352 1164 1524 1211 promiscue
1528 1166 1701 1207 sumuntur
1715 1189 1724 1199 .

1215 1220 1281 1253 237
1309 1213 1430 1245 Mentio
1445 1213 1612 1247 societatis
1625 1218 1808 1254 cauponum
1819 1236 1828 1246 .

1213 1268 1253 1301 23
1262 1260 1281 1293 8
1306 1260 1389 1293 ‘Pius
1403 1263 1462 1295 IV.
1479 1261 1561 1294 vere
1569 1258 1773 1306 pientiffi'mus
1786 1285 1795 1293 .

1212 1315 1280 1348 239
1305 1307 1491 1341 ‘Proxenetae
1504 1308 1590 1352 Ripae
1607 1305 1730 1343 vrbis,
1763 1305 1881 1353 quibus
1902 1305 2114 1342 mediantibus
2122 1308 2183 1342 vi-

1349 1365 1424 1388 num
1433 1355 1587 1389 venditur
1598 1352 1805 1400 cauponibus,
1817 1362 1962 1389 tenentur
1969 1356 2012 1390 ad
2019 1355 2178 1402 praetium,

1350 1403 1433 1447 quod
1447 1410 1600 1446 emptores
1607 1402 1737 1444 solvere
1750 1402 1893 1445 recusant
1908 1425 1918 1436 .

1210 1458 1278 1492 240
1304 1453 1330 1484 T
1332 1450 1572 1483 ahernariorum
1583 1459 1683 1483 mores
1692 1450 1793 1494 pravi
1803 1473 1813 1483 .

1211 1506 1274 1537 241
1302 1498 1389 1530 Idem
1401 1497 1602 1542 prosequitur
1615 1520 1623 1529 .

1207 1554 1274 1585 242
1301 1546 1422 1579 Mentio
1434 1542 1649 1579 Tabernarum
1663 1542 1801 1586 Ecclesia
1813 1543 2154 1590 constantinopolitana
2167 1567 2178 1581 .
2231 1552 2239 1586 ζ·-

1206 1601 1269 1632 243
1302 1590 1447 1627 Taberna
1460 1592 1608 1625 dicuntur
1623 1601 1746 1636 quoque
1759 1589 1940 1636 Ergasteria
1956 1611 1964 1620 ·

1207 1648 1275 1680 244
1298 1638 1446 1680 Hosleriae
1469 1650 1577 1672 nomen
1603 1638 1710 1676 nonest
1725 1640 1876 1673 Latinum
1888 1663 1897 1678 ,
1929 1650 1991 1686 quo
2018 1638 2091 1682 usus
2109 1636 2182 1682 fuit

1345 1687 1379 1721 N
1383 1688 1520 1721 oven-‚de
1532 1685 1950 1731 gravam.Vassall.tom.1.
1958 1695 2176 1731 gravam-73·

1344 1745 1474 1769 num-1.

1202 1791 1266 1824 245
1297 1782 1380 1817 Olim
1393 1780 1473 1816 bona
1485 1781 1640 1828 hospitum
1654 1783 1686 1817 in
1696 1780 1839 1828 hospitiis
1849 1781 2061 1817 decedentium
2072 1778 2177 1828 appli-

1345 1828 1500 1864 cabantur
1513 1827 1709 1873 cauponibus
1722 1853 1732 1863 .

1206 1880 1273 1918 246
1298 1880 1336 1911 Ιη
1353 1877 1520 1922 'Hispania
1534 1875 1774 1920 extant‘similes
1783 1875 1868 1922 leges
1880 1901 1890 1911 .

1201 1934 1268 1966 247
1295 1924 1463 1966 Refellitur
1478 1923 1616 1956 Fehcius
1629 1922 1668 1955 de
1682 1921 1834 1956 societ.in
1848 1922 2170 1968 prohaem.nutn.15·

1200 1972 1267 2014 248
1294 1971 1381 2004 Idem
1395 1969 1477 2004 male
1489 1977 1600 2015 putat,
1615 1968 1711 2003 talem
1725 1979 1841 2003 morem
1847 1969 2033 2012 succedendi
2041 1967 2171 2014 ‘viguis-

1334 2017 1412 2060 sein
1425 2016 1568 2062 hospitiis
1575 2018 1957 2062 privatarumdomorum
1970 2041 1981 2050 .

1199 2075 1267 2108 249
1293 2065 1486 2099 Declaratur
1512 2063 1736 2097 Auth.omnes
1750 2062 1916 2107 peregrini
1941 2063 1982 2098 C.
1993 2073 2169 2099 commun.

1343 2110 1384 2144 de
1399 2108 1593 2143 succeffion.

1200 2169 1267 2202 250
1293 2164 1396 2202 Rome
1406 2155 1545 2190 maxime
1557 2167 1638 2190 anno
1651 2153 2059 2202 Jubilaeiprabticabatur,
2083 2154 2166 2203 qubd

1332 2204 1552 2247 succederetur
1575 2205 1608 2237 in
1621 2202 1711 2237 bonis
1721 2203 1877 2250 hospitum
1897 2205 1928 2240 in
1942 2204 2087 2250 hospitiis
2098 2203 2167 2250 pri-

1337 2259 1494 2286 vatarum
1507 2252 1668 2285 domorum
1677 2251 1886 2286 decedentium
1897 2277 1907 2286 .

1201 2312 1240 2344 25
1251 2312 1264 2335 x
1293 2300 1450 2343 Reiicitur
1465 2300 1541 2331 Azo
1556 2299 1618 2332 inl.
1635 2298 1855 2333 nutritoribus
1876 2310 1932 2333 10.
1946 2298 2168 2334 C.commun.

1343 2345 1384 2380 de
1397 2344 1588 2379 succeffion.

1200 2404 1239 2436 25
1250 2406 1266 2429 2
1293 2396 1370 2438 Nec·
1385 2394 1542 2438 privatus
1565 2391 1738 2438 hospitator
1757 2392 1923 2435 succedere
1941 2391 2037 2440 potest
2060 2391 2166 2439 hospi-

1341 2449 1408 2475 tato
1421 2464 1430 2474 0
1529 2457 1532 2461 ·

1199 2500 1263 2532 253
1290 2492 1331 2522 Et
1339 2487 1435 2532 super
1444 2486 1501 2521 hoc
1513 2485 1632 2529 adestin
1645 2485 1928 2534 Hispaniissimilis
1943 2486 1998 2522 lex
2007 2512 2018 2522 .

1201 2546 1268 2579 254
1291 2536 1409 2569 ‘Patria
1419 2536 1579 2568 *Auctoris
1593 2532 1732 2581 Ulyffipo
1745 2560 1753 2569 .

1197 2592 1262 2625 255
1290 2583 1406 2616 Patria
1419 2583 1514 2616 etiam
1523 2579 1543 2615 a*
1550 2581 1657 2628 Juris
1653 2579 1722 2627 cons
1722 2583 1801 2617 ultis
1811 2581 1964 2617 laudatur
1975 2605 1984 2616 .

1197 2641 1234 2671 25
1243 2633 1264 2664 6
1287 2628 1466 2672 Conslitutio
1481 2628 1646 2676 Synodalis
1655 2628 1858 2676 Ulyxbonen.
1869 2629 2007 2672 refertur
2019 2652 2030 2663 .

1196 2687 1263 2720 257
1290 2673 1449 2716 ,Artifices
1467 2674 1571 2720 vulgo
1590 2684 1661 2710 arte
1678 2675 1818 2711 biauche
1832 2674 1905 2718 sunt
1917 2675 2051 2722 persona
2071 2687 2157 2712 ven-

1336 2725 1438 2758 dentes
1449 2724 1590 2757 minutas
1603 2734 1719 2758 merces
1727 2748 1735 2756 .

1196 2782 1234 2814 25
1244 2773 1263 2806 8
1290 2770 1457 2852 Μείτίῗὴο
1468 2772 1500 2804 in
1508 2771 1714 2816 Portugallia
1726 2770 1885 2813 respondet
1898 2769 2076 2815 Barrigello
2099 2771 2157 2807 im

1334 2820 1350 2847 I
1353 2826 1386 2852 ta
1401 2819 1433 2851 ia
1447 2843 1456 2851 .

1198 2875 1236 2907 25
1245 2877 1265 2909 9
1292 2864 1472 2906 Constitutio
1488 2865 1650 2908 synodalis
1661 2862 1858 2909 Vlyxbonen.
1869 2865 2028 2900 moderata
2039 2888 2048 2898 .

1195 2917 1262 2947 260
1289 2911 1466 2959 Juriscons
1462 2911 1523 2946 ulti
1533 2911 1667 2954 suerunt
1686 2911 1767 2954 satis
1796 2911 1908 2955 curiosi
1930 2910 2163 2957 aethymologia-

1336 2969 1407 2994 rum
1421 2983 1430 2992 .

1197 3012 1241 3043 26
1250 3019 1262 3042 1
1291 3006 1342 3042 lta*
1355 3015 1391 3040 ut
1403 3006 1627 3040 Grammaticis
1633 3006 1654 3048 s
1649 3007 1710 3053 aepe
1719 3006 1858 3054 palmam
1865 3005 2085 3050 praeripuerint
2094 3029 2104 3041 .

1198 3059 1263 3090 262
1292 3060 1390 3100 Leges
1399 3053 1568 3097 aliquando
1582 3054 1660 3096 ‘Przs
1656 3056 1744 3088 ciano
1747 3050 1914 3096 subjacent
1927 3074 1937 3085 .

1197 3106 1260 3145 263
1290 3102 1476 3136 Tabernarii
1486 3099 1649 3136 dtabernis
1660 3102 1736 3134 dieti
1750 3123 1759 3132 .

1196 3153 1266 3191 264
1290 3145 1435 3182 'Taberna
1447 3149 1480 3180 in
1490 3148 1679 3191 acie.Carnpi
1686 3146 1784 3180 Florae
1795 3169 1805 3179 .

1196 3199 1259 3237 265
1290 3194 1432 3228 Taberna
1437 3193 1564 3236 sumpta
1575 3199 1631 3235 pro
1642 3191 1793 3238 apotheca
1808 3215 1818 3227 .

1197 3241 1266 3277 266
1290 3236 1574 3274 Lanionistaberna
1583 3237 1658 3284 qaid
1669 3263 1678 3272 .

1199 3293 1266 3329 267
1292 3285 1434 3321 Taberna
1447 3285 1600 3328 cauponia
1614 3286 1692 3329 quid
1704 3311 1713 3320 .

1200 3338 1264 3371 268
1290 3333 1436 3376 Qsertur
1444 3328 1575 3365 taberna
1586 3330 1833 3379 Bibliopolarum
1847 3357 1856 3367 .

1201 3387 1269 3424 269
1296 3377 1530 3417 faber-nacula,
1552 3379 1845 3416 &contubernales
1856 3381 1951 3428 quid.

1965 3438 2033 3472 270
2048 3432 2120 3466 'Ta-
