2295 3757
588 87 686 152 De
704 81 1137 167 Qi'ndenniis
1156 124 1172 149 ,
1206 78 1460 162 Capu.

152 203 290 242 Clericis
303 203 404 241 talias
416 201 545 247 imponi
558 207 717 246 praetextu
733 196 918 233 bonorum,
929 206 1004 241 qua:

154 252 372 299 acquirebant
385 277 394 291 ‚
419 247 576 296 cogendo
601 255 660 281 eos
675 242 852 288 propterca
867 242 914 278 ad
929 242 1004 277 illo-

156 312 230 336 runi
242 301 476 335 alienationem
488 321 497 335 ,
524 298 556 328 δι
567 301 728 326 uiantium
743 289 1002 325 evacuationem

155 347 327 393 probibuit
346 347 409 383 illis
422 370 431 384 ,
445 343 486 378 ne
497 340 714 383 imposterum
725 337 902 381 exigerent
913 361 924 376 ,
951 338 1003 372 vel

157 396 366 440 imponerent
376 387 563 433 hujusmodi
579 396 704 424 onera,
730 395 789 418 nec
806 383 911 419 etiam
925 383 1006 418 lice-

158 453 207 478 ret
218 443 281 479 illis
294 450 413 487 cogere
424 433 597 473 Ecclesiae.
612 436 662 468 vel
679 430 925 468 Ecciefiasticas
936 441 1012 475 per-

158 491 257 525 sonas
267 491 312 526 ad
323 483 516 536 ponendum
527 481 693 528 acquisita
708 505 718 520 ,
733 481 784 515 vel
798 477 1010 525 acquirenda

163 540 260 576 extra
273 544 388 573 manus
397 529 469 567 suas
481 554 491 564 .
642 542 644 544 ’

212 589 270 621 VI.
315 579 406 624 Qia
418 604 427 618 ‚
443 587 481 612 ut
494 577 541 613 ait
555 587 700 620 num.5o.
711 576 894 622 speculator
907 575 1012 607 Ante·

164 634 316 680 signanus
331 626 448 662 nostra:
464 623 636 672 opinionis
655 649 663 663 ,
679 621 809 668 respicit
824 622 866 656 ad
880 622 1013 655 incom-

94 684 141 716 60
164 678 267 717 moda
280 673 421 709 Domini
434 672 551 708 direffi
577 683 617 705 cx
627 681 695 717 cap.
706 670 936 715 longinquitate
955 679 968 703 1
978 681 1009 702 2.

163 737 247 775 qua..
268 725 389 768 &map-
401 721 600 768 imperialem
615 727 643 759 §.
653 719 680 764 fi
692 720 767 764 quis
779 717 962 762 infeudatus
973 717 1011 749 de

182 769 281 807 rohib.
288 768 378 812 feud.
387 770 479 803 alien.
493 779 567 814 quae
582 777 696 802 tamen
710 763 935 800 incommoda·
945 760 1012 797 ces-

159 783 244 857 sant,
255 817 333 852 licet
344 816 590 861 emphyteusim
600 813 741 851 retineat
757 810 914 849 Ecclesia,
927 809 1012 845 dum

161 874 231 912 cap.
241 865 470 911 longinquitate
481 870 707 908 retorquetur,
721 870 762 894 ex
778 869 849 905 quo
860 869 916 902 per
929 855 1014 892 solu·-

162 912 294 947 tionem
306 911 407 946 annui
420 910 582 950 Canonis,
593 918 698 956 quam
709 905 839 944 facie&
851 904 895 940 ad
910 915 1016 950 quam

160 958 350 996 faciendam
373 958 451 1002 cogi
464 957 573 1003 potest
583 955 725 992 Ecclesia
740 978 750 993 ,
775 962 938 999 perpetuo
957 953 1019 989 de-

160 1007 368 1043 monstratur
378 1006 478 1050 origo
489 1029 498 1044 ‚
510 1003 608 1050 quod
621 1001 745 1038 fundus
761 1002 799 1036 sit
812 1000 1013 1048 empflyteu-

162 1054 249 1091 ticus
261 1080 271 1094 ,
285 1058 318 1090 &
332 1054 408 1100 quis
420 1053 457 1086 lit
469 1051 711 1087 illiusdireeius
723 1049 895 1084 Dominus
907 1076 917 1086 .

209 1104 289 1137 VII.
335 1099 441 1147 Qa‚
451 1109 488 1134 ut
498 1099 548 1133 ait
559 1108 665 1141 num-5
676 1109 704 1140 3.
714 1108 787 1132 cum
795 1098 879 1144 seqq.
891 1108 931 1134 ex
942 1106 993 1138 §.t
1002 1121 1013 1134 .

161 1149 250 1192 vers.
260 1149 285 1194 [ἱ
297 1149 375 1185 ver&
387 1148 552 1192 contigerit
566 1145 717 1190 Novella
728 1147 763 1180 de
774 1145 868 1180 alien.
895 1149 939 1183 (φ’
950 1157 1013 1181 em-

163 1198 242 1245 phit.
266 1195 404 1231 habetur
416 1219 425 1232 ,
450 1193 548 1240 quod
561 1193 584 1228 si
601 1194 692 1229 bona
703 1191 955 1237 emphyteutica
968 1193 1012 1229 ab

167 1243 307 1280 Ecclesia
331 1240 482 1279 concessa
504 1240 687 1276 deveniant
709 1239 753 1275 ad
778 1241 879 1277 aliam
901 1242 1013 1276 Eccle-

163 1292 244 1327 siam
262 1316 271 1330 ‚
287 1287 558 1326 denunciandum
567 1287 613 1324 est
629 1287 776 1323 Ecclesiae
791 1289 949 1324 Dominae
965 1287 1016 1323 di-

164 1341 259 1374 reeiae
272 1363 281 1377 ‚
291 1339 374 1373 data
386 1337 432 1373 illi
443 1335 603 1371 eleffione
615 1335 701 1371 infra
715 1335 887 1371 biennium
902 1334 1016 1371 soluto

162 1386 252 1431 iusto
264 1386 371 1440 pretio
385 1383 630 1430 emphyteusim
644 1384 788 1430 recipere
798 1408 807 1423 ,
820 1385 870 1419 vel
886 1384 1019 1430 pensio-

165 1444 242 1469 nem
260 1443 406 1480 accipere
419 1455 429 1465 .
650 1452 653 1454 v

212 1482 310 1515 VIII.
359 1478 468 1527 Qua,
477 1489 516 1514 ur.
526 1478 574 1514 ait
586 1485 731 1517 num-62.
745 1478 861 1514 nullibi
875 1488 1016 1514 cautum

166 1525 521 1573 reperitur‚Ecclefiam
533 1525 593 1562 esse
607 1528 803 1575 incapacem
819 1527 1018 1574 emphyteu-

167 1576 207 1611 sis
219 1601 228 1615 ‚
253 1587 326 1622 quae
352 1574 402 1610 uti
429 1574 534 1620 digna
558 1572 688 1621 speciali
711 1585 794 1610 nota
806 1601 815 1612 .
840 1586 910 1609 non
925 1585 1020 1610 com-

169 1622 394 1670 praehenditur
419 1620 478 1656 sub
503 1622 648 1669 generali
672 1621 901 1669 prohibitione
915 1620 1022 1668 perso-

167 1682 287 1724 narum
301 1669 551 1715 prohibitarum
565 1670 735 1718 acquirere
746 1697 754 1710 ,
769 1671 810 1704 de
825 1669 948 1716 quibus
965 1681 1021 1713 ge-

167 1717 278 1754 nerice
289 1717 423 1754 tantum
438 1716 590 1764 loqui-tur
603 1727 712 1755 textus
723 1719 754 1754 in
765 1719 839 1754 dia.
853 1715 930 1761 Lfin.
942 1723 974 1753 c.
986 1719 1023 1754 de

167 1765 253 1814 Jur.
266 1766 403 1812 emphyt.
443 1786 446 1790 >
760 1785 763 1787 >

194 1851 197 1854 ,
213 1814 275 1847 ΙΧ.
320 1813 420 1868 Qa
430 1833 440 1852 ,
451 1821 492 1848 ut
505 1811 554 1850 ait
564 1817 710 1858 num.69.
724 1812 810 1849 circa*
818 1812 877 1857 fin.
891 1823 959 1849 non
973 1811 1022 1847 est

165 1860 366 1914 heimramm
380 1859 478 1906 quod
490 1861 636 1898 Ecclesia
648 1873 716 1897 non
731 1860 763 1897 vi
775 1860 953 1900 ardiativa,
965 1857 1022 1895 sed

95 1913 137 1955 63
165 1907 329 1943 direfflva
338 1907 484 1944 rationis
495 1909 631 1956 cogitur
641 1909 730 1945 intra
741 1919 869 1944 annum
880 1906 1024 1953 emphy-

167 1953 289 1990 teusim
300 1953 395 2005 extra
409 1952 440 1987 se
452 1964 619 1991 evacuare
631 1955 677 1990 ad
688 1966 810 1990 manus
824 1954 929 2001 Layci
941 1978 952 1988 .

215 2001 258 2035 X.
307 2003 400 2054 Qa
414 2023 424 2038 ‚
435 2009 474 2035 ut
487 2000 536 2036 ait
547 2013 695 2045 num.71.
705 2013 777 2037 cum
786 2001 873 2048 seqq.
888 1998 1024 2036 amissio

167 2047 416 2085 laudemiorum
428 2059 499 2082 non
507 2048 555 2083 est
566 2048 726 2083 habenda
737 2048 771 2081 in
781 2046 1025 2082 consideratio-

169 2106 209 2130 ne
223 2091 383 2129 resultans
404 2103 445 2128 ex
460 2096 646 2129 retentione
657 2093 892 2139 emphyteusis
906 2117 916 2132 ,
937 2093 1023 2128 dum

168 2140 396 2194 commodum
406 2140 655 2176 laudemiorum
669 2140 825 2187 provenit
837 2150 952 2185 praeter
966 2149 1024 2176 na-

170 2199 282 2224 turam
302 2199 348 2223 rei
362 2188 622 2235 emphyteuticae
639 2213 649 2229 ,
660 2196 662 2198 ’
673 2192 760 2224 &ex
771 2187 961 2226 accidenti,
982 2197 1024 2222 ac

170 2237 253 2271 tristi
269 2235 395 2273 omine,
408 2236 505 2282 quod
517 2236 698 2282 indignum
714 2260 724 2274 ,
739 2246 778 2271 ac
791 2235 954 2278 injustum·
965 2233 1022 2272 est,

172 2287 206 2318 δι
217 2283 292 2319 duri
305 2281 455 2336 hominis
463 2309 477 2322 ,
489 2286 537 2319 vel
550 2283 667 2329 potius
682 2282 739 2319 vix
748 2282 897 2319 hominis
910 2282 956 2317 est
968 2292 1025 2316 ex-

172 2332 302 2376 peecaoe
314 2329 581 2372 distraffionem,
593 2330 872 2370 diminutionem,
886 2328 998 2365 casum
1012 2352 1023 2367 ,

172 2376 349 2431 adversam
362 2375 536 2415 fortunam
546 2405 554 2419 ,
576 2380 742 2422 §adituram
752 2403 762 2417 ‚
784 2386 1024 2424 poenamque,

172 2426 320 2460 alienam
332 2450 342 2464 ‚
367 2428 401 2459 &
426 2429 516 2462 velut
527 2437 567 2461 ex
581 2425 711 2462 insidiis
735 2435 872 2472 captare
891 2424 1030 2459 alterius

173 2472 375 2508 eversionem
384 2498 393 2511 ,
405 2474 496 2509 unde
510 2474 652 2509 Ecclesia
665 2485 734 2509 uon
747 2472 846 2509 debet
858 2470 1028 2508 desidera-

174 2529 208 2555 te
222 2519 357 2555 alterius
367 2519 628 2556 incommodum
641 2546 652 2556 .
721 2544 724 2548 ι

223 2568 284 2601 ΧΙ.
317 2566 435 2622 xQuia,
449 2578 486 2604 ut
497 2568 547 2603 ait
560 2580 707 2612 num 77.
720 2566 790 2615 spes
801 2565 1032 2603 devolutionis

177 2624 247 2648 nou
262 2612 368 2648 solum
391 2615 425 2649 iii
437 2615 583 2655 Ecclesia
603 2617 766 2652 retinente
784 2628 800 2651 e
927 2612 1032 2649 eusim

178 2660 288 2708 potest
300 2661 502 2699 considerari
514 2664 642 2699 sublata
654 2689 664 2702 ,
681 2661 735 2698 sed
750 2663 852 2699 etiam
865 2662 900 2697 in
914 2662 1032 2706 Layco

106 2717 148 2758 63
178 2711 268 2744 illam
283 2707 425 2743 habente
435 2722 514 2746 cum
524 2709 670 2746 clausula
681 2721 738 2758 pro
746 2711 790 2753 fe,
801 2713 846 2747 Θ·
856 2706 1034 2745 haredibus

176 2753 434 2810 quibuscumque,
450 2761 480 2792 δι
497 2757 542 2793 sic
554 2769 728 2805 nunquan-i
745 2757 894 2802 amplius
902 2754 1033 2791 reditu-

176 2814 250 2858 ram
264 2803 310 2838 ad
323 2804 514 2840 Dominum
528 2805 705 2845 dimdium,
718 2807 768 2840 vel
781 2805 875 2840 illam
883 2802 1032 2838 habente

177 2859 423 2906 inperpetuum
436 2876 445 2891 ‚
455 2863 522 2898 que
536 2853 644 2897 potest
659 2851 775 2897 subjici
785 2846 1032 2886 fideicommiss

177 2897 214 2934 so
225 2923 235 2938 ,
245 2899 295 2951 vel
307 2908 327 2932 a
338 2908 451 2951 primo
465 2900 658 2946 acquirente
668 2900 829 2935 omnibus
842 2894 1029 2934 successori-

176 2944 407 2998 bustinterdici
421 2946 603 2986 alienatio,
617 2947 704 2982 adeo
718 2956 756 2982 ut
767 2947 803 2982 in
815 2945 967 2993 pluribus
978 2940 1030 2978 fa-

147 3025 151 3028 .
176 2992 278 3045 ninus
291 2991 392 3028 docet
405 2993 609 3038 experientia
622 3018 632 3032 ,
645 2993 890 3039 emphyteusim
902 2988 1027 3026 fuisso

176 3048 414 3076 continuatam
427 3039 573 3075 centenis
585 3066 593 3081 ,
606 3039 802 3075 ducentenis
815 3066 824 3080 ,
836 3035 1030 3073 tricentenis

175 3086 275 3123 annis
287 3109 298 3124 ,
307 3087 497 3133 &longiori
512 3097 662 3128 tempore
672 3111 680 3126 ‚
697 3098 756 3122 nec
774 3097 889 3122 tamen
901 3096 942 3118 ex
954 3090 1032 3117 tan·

178 3133 241 3169 diu
252 3133 452 3171 continuata
466 3133 667 3170 successione
678 3132 892 3181 possessorum
904 3128 1034 3165 saetam

179 3181 410 3218 Dominorum
444 3181 646 3217 deteriorem
683 3179 919 3217 conditionem
933 3201 944 3218 ‚
968 3184 1030 3212 nec

181 3227 353 3266 Dominos
363 3228 453 3276 posse
466 3228 628 3275 conqueri
643 3253 653 3264 .

226 3274 306 3309 XII.
352 3276 447 3321 Quia
459 3301 468 3316 ,
491 3285 530 3311 ut
541 3276 590 3312 ait
601 3279 745 3319 num.78.
759 3277 791 3312 in
797 3273 858 3318 fin.
868 3272 952 3316 vers
949 3298 958 3307 .
972 3284 1032 3307 non

182 3317 275 3371 potest
288 3331 356 3358 eum
366 3335 453 3358 num.
470 3323 560 3370 seqq.
583 3326 848 3359 emolumentum
870 3318 1033 3356 laudemii

184 3367 339 3404 debitum
350 3381 391 3404 ex
401 3369 602 3407 alienatione
614 3369 843 3418 emphyteusis
855 3393 867 3410 ,
878 3368 957 3405 licet
968 3364 1035 3404 ces-

90 1249 133 1281 61

95 1580 139 1616 62

99 2197 146 2239 ⁶4

107 2907 152 2939 66

1065 192 1158 233 farer,
1174 191 1258 226 sitin
1271 190 1462 230 Ecclesiam,
1473 198 1546 233 quae
1557 188 1702 223 alienare
1714 200 1780 225 non
1797 187 1919 234 potest,

1064 239 1216 276 transiret
1228 237 1474 282 emphyteusis,
1501 233 1550 270 uti
1578 243 1691 269 tamen
1704 237 1853 280 pendens
1875 235 1919 270 ab

1064 288 1177 322 alieno
1190 285 1344 325 arbitrio,
1363 287 1410 319 vel
1425 283 1600 322 faRonion
1613 280 1659 315 est
1673 280 1922 325 considerabile,
1948 287 1993 326 67

1066 334 1143 370 cum
1156 334 1279 370 habeat
1294 331 1322 368 se
1337 331 1383 368 ad
1398 331 1458 367 esse
1471 357 1481 371 ‚
1495 331 1542 365 vel
1560 339 1629 366 uon
1642 327 1703 362 esse
1715 353 1724 362 .

1114 383 1210 416 XIII.
1258 380 1353 426 Qa
1364 405 1373 418 ‚
1387 390 1425 415 ut
1439 379 1488 415 ait
1501 387 1647 418 num.79.
1660 375 1745 417 vers.
1760 387 1813 410 nec
1829 378 1924 410 ctiam

1069 427 1208 468 obstante
1219 438 1292 464 cum
1303 428 1555 463 nu.80.nullum
1565 423 1826 460 incommodum
1841 433 1928 457 con-

1070 475 1205 511 siderari
1229 476 1337 521 potest
1361 486 1400 509 ex
1429 472 1636 510 difficultate
1662 469 1920 509 conventionis,

1071 523 1262 558 mutatione
1277 521 1339 558 fori
1351 547 1360 562 ,
1374 526 1406 556 &
1418 520 1571 567 potentia.
1585 518 1732 554 Ecclesiae
1743 544 1751 557 ,
1765 516 1931 560 eiusdem-

1069 581 1138 616 que
1154 569 1364 605 Clericorum
1378 593 1386 606 ,
1396 568 1480 602 dum
1494 567 1604 602 immo
1615 565 1661 601 ob
1673 567 1838 608 majorem
1849 563 1922 598 bre·
1946 567 1967 600 6
1976 567 1994 600 8

1071 618 1213 653 vitatem
1226 615 1398 661 litigando
1416 625 1532 649 corani
1554 612 1670 659 Iudice
1692 611 1920 647 Ecclesiastico

1069 665 1188 700 melius
1205 664 1251 699 est
1263 673 1381 698 coram
1395 674 1436 697 co
1448 662 1580 706 litigare
1597 685 1606 699 ‚
1631 663 1678 694 vel
1695 658 1807 694 saltem
1819 670 1914 694 com-

1070 712 1226 757 pensatur
1237 709 1496 747 incommodum
1509 707 1711 742 mutationis
1725 705 1786 742 fori
1799 731 1809 742 .

1119 762 1213 794 XIV.
1260 758 1371 806 Qa,
1389 766 1427 792 ut
1437 756 1486 791 ait
1496 757 1641 792 num.81.
1653 755 1818 801 cumseqq.
1831 753 1923 789 male

1071 807 1300 843 consideratur
1312 807 1421 849 major
1433 801 1587 849 potentia
1598 802 1630 835 in
1645 801 1783 835 Clericis
1793 825 1801 838 ,
1819 812 1924 847 quam

1074 854 1108 889 in
1124 855 1260 899 Laycis‚
1286 854 1370 888 dum
1396 851 1511 897 potuis
1525 848 1630 895 Layci
1657 846 1724 883 fere
1747 856 1856 882 totam
1869 850 1931 883 Ec-

1075 900 1292 939 clesiasticam
1307 898 1579 947 iurisdietionem
1591 893 1788 943 usurparunt
1801 905 1810 932 3
1824 898 1855 928 δι
1870 895 1930 929 de-

1077 957 1242 986 vorarunt
1258 972 1268 987 ,
1294 957 1336 982 ae
1350 948 1391 982 de
1407 945 1498 982 faeie
1512 944 1618 991 Layci
1632 942 1705 978 sunt
1718 941 1853 977 Clericis
1869 952 1928 986 po-
1951 944 1997 985 69

1078 996 1240 1033 tentiores
1253 1020 1263 1035 ,
1287 999 1320 1030 &
1334 993 1441 1030 solum
1456 991 1586 1037 duplici
1609 990 1719 1025 modo
1738 989 1805 1024 dici
1821 988 1931 1032 potest

1073 1042 1225 1081 Clericus
1239 1068 1249 1083 ,
1265 1052 1325 1077 aut
1342 1041 1486 1076 Ecclesia
1496 1048 1620 1086 potens
1634 1037 1766 1073 ratione
1781 1034 1932 1073 difficul-

1073 1091 1155 1129 tatis
1168 1091 1212 1125 ad
1224 1089 1423 1127 solvendum
1440 1112 1449 1127 ,
1475 1087 1559 1122 dum
1575 1083 1654 1120 nihil
1672 1083 1819 1129 poffidet
1831 1107 1841 1123 ,
1869 1081 1932 1117 nisi

1072 1140 1217 1177 fundum
1244 1135 1538 1183 emphyteuticum
1553 1159 1562 1173 ‚
1588 1135 1635 1168 vel
1652 1132 1709 1167 ubi
1723 1130 1869 1166 Ecclesia
1884 1129 1932 1165 est

1074 1188 1228 1226 Domina
1239 1183 1517 1223 Territorii,intra
1528 1182 1624 1224 cujus
1635 1179 1717 1214 sines
1731 1177 1805 1214 sunt
1817 1177 1930 1224 posita

1074 1233 1327 1282 emphyteutica
1343 1232 1437 1267 bona
1449 1229 1494 1265 ab
1507 1227 1652 1263 Ecclesia
1663 1225 1826 1272 acquisita
1837 1250 1847 1263 ,
1874 1227 1930 1259 vel

1076 1285 1134 1322 ubi
1154 1281 1303 1318 Clericus
1322 1279 1368 1315 est
1382 1277 1516 1325 genitus
1540 1288 1580 1311 ex
1594 1273 1722 1310 familia
1737 1272 1866 1311 nobili,
1893 1275 1928 1305 &

1076 1330 1208 1379 potenti
1223 1355 1232 1369 ‚
1248 1339 1288 1365 ac
1301 1326 1504 1363 versaremur
1516 1324 1548 1359 in
1562 1326 1643 1358 loco
1655 1347 1664 1361 ‚
1681 1320 1736 1355 ubi
1749 1331 1827 1355 curn
1841 1318 1934 1354 diffi-

1077 1381 1202 1416 cultate
1216 1376 1251 1412 in
1263 1378 1335 1419 eius
1351 1372 1483 1420 generis
1501 1369 1728 1417 personasJus
1741 1368 1907 1403 diceretur
1921 1391 1932 1405 ,

1076 1427 1178 1462 veluti
1194 1424 1262 1460 siin
1278 1423 1371 1459 Urbe
1385 1419 1464 1455 esset
1478 1431 1518 1455 ex
1534 1415 1751 1454 Columnensi
1768 1439 1777 1454 ‚
1792 1423 1850 1449 aut
1863 1415 1932 1449 Ur-

1078 1474 1147 1510 sina
1159 1471 1285 1508 familia
1295 1495 1305 1510 ‚
1329 1471 1380 1504 vel
1394 1466 1543 1504 veneciis
1557 1474 1677 1511 genere
1689 1462 1845 1509 patritius
1854 1487 1864 1496 .

1126 1524 1202 1556 XV.
1240 1518 1393 1566 Qamt
1407 1515 1454 1550 ait
1464 1526 1540 1549 num
1555 1517 1610 1549 86.
1623 1514 1656 1547 in
1667 1513 1768 1557 princ.
1779 1511 1823 1545 Φ·
1835 1506 1933 1550 insin.

1078 1570 1110 1605 Si
1121 1563 1410 1614 emphyteusiS,est
1421 1561 1616 1607 temporalis
1630 1559 1733 1605 pene's
1743 1555 1938 1596 Ecclesiam,

1081 1619 1212 1653 nullum
1238 1614 1314 1648 hinc
1342 1609 1442 1646 sentit
1467 1607 1728 1644 incommodum
1742 1603 1916 1639 Dominus
1926 1627 1935 1643 ,
1959 1614 2007 1648 70

1078 1664 1183 1712 prout
1209 1671 1271 1696 nec
1282 1657 1441 1706 potentIa
1459 1655 1572 1701 aliqua
1586 1651 1787 1689 considerari
1801 1652 1892 1686 valet
1904 1651 1940 1687 in

1083 1707 1321 1747 Ecclesia‚ci¹1m
1335 1703 1442 1742 fiscus,
1456 1703 1515 1748 qui
1532 1701 1676 1737 Ecclesia
1687 1699 1734 1734 est
1747 1697 1937 1742 potentior,

1083 1768 1239 1795 attamen
1262 1749 1436 1790 noii'ideo
1451 1750 1571 1785 desinlt
1595 1747 1656 1785 esse
1676 1757 1784 1793 capax
1795 1745 1943 1791 emphy-

1083 1805 1185 1843 teusis
1199 1830 1210 1839 .

1130 1854 1224 1888 XVI.
1261 1847 1367 1895 quja,
1376 1855 1414 1883 ut
1423 1845 1472 1883 ait
1481 1853 1629 1887 num.94.
1642 1851 1715 1877 cum
1721 1841 1811 1883 seqq.
1822 1836 1941 1878 tutius,

1082 1906 1116 1937 δε
1130 1897 1303 1935 honestius
1317 1896 1363 1931 est
1379 1920 1389 1935 ,
1415 1904 1452 1930 ut
1466 1889 1698 1937 emphyteusis
1713 1886 1863 1923 maxime
1878 1887 1940 1920 Ec-

1082 1945 1263 1984 clesiastica
1276 1941 1423 1979 transeat
1446 1941 1481 1976 iu
1496 1937 1675 1974 Ecclesiam
1690 1960 1700 1974 ‚
1725 1936 1777 1970 vel
1795 1932 1887 1970 aliud
1902 1933 1940 1967 si-
1963 1940 2006 1977 71

1082 1995 1159 2031 mile
1171 2002 1295 2039 corpus
1307 2000 1483 2036 nunquam
1497 1983 1705 2022 defecturum
1720 2008 1729 2022 ‚
1745 1984 1778 2017 &
1798 1982 1863 2016 sinc
1874 1978 1944 2015 evi-

1083 2041 1180 2078 denti
1206 2040 1353 2075 utilitate
1366 2063 1376 2077 ‚
1407 2047 1448 2073 ac
1471 2031 1662 2071 necessitate
1688 2029 1911 2066 alienaturum
1925 2051 1939 2066 ,

1083 2090 1189 2136 quam
1213 2087 1316 2132 penes
1331 2087 1493 2130 :Laycum
1508 2079 1637 2117 assidue
1657 2076 1851 2111 molientem
1865 2083 1939 2108 tur-

1084 2137 1165 2172 bam
1186 2135 1220 2169 in
1237 2131 1484 2169 Ecclesiasticos
1497 2153 1509 2168 2
1533 2123 1635 2172 quiv&
1657 2121 1754 2176 facil?
1765 2119 1858 2174 effici
1881 2131 1945 2166 po-

1087 2183 1159 2221 test,
1174 2192 1212 2217 ut
1225 2194 1294 2217 non
1308 2181 1348 2215 sit
1363 2176 1526 2214 solvendo
1538 2173 1624 2208 mille
1640 2170 1769 2208 modis,
1782 2165 1941 2204 faciendo

1088 2228 1257 2266 versuram
1269 2227 1314 2263 sui
1330 2221 1527 2271 patrimonii
1548 2244 1559 2254 .

1131 2278 1244 2311 XVII.
1293 2271 1387 2316 Qja
1398 2295 1408 2310 ,
1420 2279 1458 2305 ut
1469 2268 1520 2304 ait
1529 2270 1684 2308 num-105
1694 2288 1703 2297 .
1715 2261 1859 2298 Ecclesia
1869 2262 1947 2296 Do-

1084 2322 1178 2360 mina
1189 2321 1318 2357 ἀίτεᾶει
1332 2319 1436 2354 etiam
1450 2315 1573 2362 Judaeo
1585 2311 1696 2358 potest
1709 2308 1940 2355 emphyteuti-

1083 2382 1161 2407 care
1173 2395 1183 2409 ,
1208 2380 1265 2404 cur
1278 2365 1349 2413 ipsa
1368 2376 1438 2400 non
1451 2360 1578 2409 poterit
1592 2358 1655 2395 esse
1671 2369 1778 2404 capax
1792 2356 1940 2403 emphy-

1088 2418 1187 2454 teusis
1200 2443 1207 2456 ‚
1219 2417 1314 2459 cuius
1325 2412 1370 2449 est
1381 2421 1492 2458 capax
1506 2407 1642 2455 Judaeus
1653 2431 1663 2440 .

1107 2496 1109 2501 ,
1136 2465 1268 2500 XVIII.
1315 2459 1409 2505 Qia
1422 2483 1432 2498 ‚
1458 2467 1496 2493 ut
1510 2455 1558 2491 ait
1571 2463 1655 2490 num.
1676 2455 1754 2489 108.
1778 2463 1852 2487 cum
1859 2450 1945 2498 seqq.

1089 2521 1171 2548 tune
1181 2508 1326 2546 Ecclesia
1339 2507 1415 2543 esset
1426 2506 1570 2550 incapax
1582 2499 1824 2547 emphyteusis,
1837 2509 1944 2544 quan-

1090 2559 1140 2596 do
1163 2559 1218 2594 illa
1243 2556 1327 2592 foret
1351 2551 1502 2590 concessa
1527 2561 1606 2586 cum
1618 2548 1828 2595 praestatione
1842 2555 1946 2580 nom,
1967 2559 2021 2594 73-

1091 2607 1186 2653 aeque
1198 2605 1306 2643 bene,
1331 2603 1384 2638 vel
1397 2601 1483 2637 citra
1495 2597 1701 2644 dignitatem
1725 2593 1950 2641 adimplenda

1090 2655 1136 2691 ab
1151 2652 1297 2689 Ecclesia
1312 2645 1576 2685 nominamus,
1591 2643 1685 2678 sicuti
1697 2641 1906 2687 praestaretur
1920 2641 1942 2676 a.

1090 2703 1208 2748 Layco
1220 2697 1442 2745 emphyteuta
1453 2719 1464 2734 ,
1478 2691 1578 2729 veluti
1594 2691 1617 2725 si
1632 2699 1724 2726 certa
1733 2688 1788 2724 die
1801 2689 1839 2724 in
1847 2699 1940 2724 reco-

1088 2749 1280 2795 gfiitionem
1290 2743 1409 2780 dii-effi
1418 2737 1566 2778 dominii
1574 2737 1711 2774 deberet
1721 2735 1945 2782 emphyteuta

1087 2796 1169 2832 ante
1181 2794 1270 2830 fores
1283 2790 1401 2827 direffl
1415 2785 1560 2825 Domini
1572 2794 1709 2822 cantare
1723 2783 1938 2819 cantilenam.

1088 2846 1141 2882 vel
1153 2848 1280 2879 currere
1293 2838 1340 2875 ad
1352 2837 1556 2885 quintanam
1567 2859 1578 2874 ‚
1592 2834 1644 2868 vel
1658 2831 1754 2868 aliud
1765 2841 1870 2876 genus
1889 2827 1951 2863 set-

1088 2892 1185 2929 vitii,
1199 2890 1250 2924 vel
1262 2884 1414 2931 obsequii
1426 2882 1566 2920 clericis
1575 2884 1632 2923 ‚.&
1642 2877 1879 2916 Ecclefiasticis
1893 2875 1945 2911 in-

1087 2939 1235 2985 dIgnum
1250 2933 1399 2981 praestare
1410 2957 1422 2968 .

1136 2985 1231 3020 XIX.
1277 2979 1430 3027 Qia,ut
1443 2977 1492 3015 ait
1503 2988 1578 3013 itu-1
1588 2987 1602 3012 1
1612 2986 1724 3012 osum
1735 2974 1799 3019 seq.
1812 2966 1952 3006 eonsue-

1089 3032 1207 3070 tudine
1221 3029 1308 3067 bene
1320 3027 1431 3074 potest
1440 3025 1663 3066 introduci‚ut
1674 3019 1820 3057 Ecclesia
1832 3027 1944 3052 tenea-

1089 3090 1144 3118 tur
1157 3078 1246 3115 intra
1260 3086 1390 3114 cerrum
1401 3076 1501 3121 tfepus
1511 3080 1670 3109 evacuare
1680 3064 1940 3114 emphyteusim.
1952 3073 2017 3107 >74

1136 3128 1213 3163 XX.
1263 3123 1419 3170 Denique
1431 3120 1537 3168 quia‚·
1554 3129 1592 3154 ut
1605 3119 1657 3153 ait
1680 3126 1769 3150 num.
1786 3125 1865 3156 ¹12·
1877 3121 1954 3146 cum.

1084 3174 1174 3222 seqq.
1187 3182 1228 3209 ex
1238 3174 1342 3219 paeto
1353 3169 1464 3216 potest
1477 3166 1616 3214 quidem
1633 3162 1703 3198 fieri
1723 3162 1874 3206 incapax
1885 3159 1947 3194 Ec-

1088 3222 1200 3261 clesia,
1215 3232 1284 3256 non
1298 3219 1345 3255 est
1355 3221 1504 3253 Statuto,
1519 3215 1563 3250 ά*
1572 3213 1656 3248 dista
1668 3211 1690 3246 l.
1699 3207 1758 3253 fiii.
1770 3213 1803 3244 c.
1813 3209 1852 3243 de
1861 3206 1959 3254 Jur..

1089 3269 1226 3316 emphyc.
1239 3265 1435 3311 intelligitur
1449 3262 1492 3297 de
1506 3257 1685 3305 prohibitis
1695 3268 1736 3293 ex
1746 3256 1852 3303 paeto
1865 3263 1946 3290 con·
1969 3261 2015 3297 75

1091 3314 1249 3354 cessionis
1259 3339 1269 3355 ‚
1282 3312 1336 3350 seu
1347 3307 1552 3346 Investiturae
1572 3331 1583 3342 .

1139 3366 1306 3413 Quini
1314 3354 1730 3406 Nigrifiindamentorum
1743 3349 1846 3432 copligi1
1855 3349 1889 3384 in
1901 3346 1954 3383 ni-

1826 3409 1834 3432 i
1850 3407 1908 3433 um

1969 2416 2014 2449 72
