2295 3757
330 118 485 202 416*

336 238 410 264 non
434 228 481 265 est
501 225 763 276 praesumcndum
781 225 974 260 videntibus
985 250 994 264 ‚
1020 228 1052 257 ἅ·
1077 222 1211 276 consen-

337 275 501 313 tientibus
515 275 650 322 reliquis
665 272 849 309 (anonicis
865 284 932 306 non
946 270 1143 322 Panateriis,
1157 281 1212 303 ve-

337 323 399 358 luti
424 324 458 358 in
470 323 564 358 simili
590 323 634 357 ad
645 321 739 356 aliud
766 319 977 366 propositum
989 319 1031 352 de
1046 316 1210 352 Dimidiis

294 383 314 407 2
339 371 527 406 canonicis
541 367 757 404 cathedralis
783 365 930 400 Eccleiiae
945 363 1211 399 eolimbrien.in

336 418 454 453 nostro
466 416 677 460 portugalliae
690 415 813 459 Regno
824 410 996 449 Tbemudnz'
1008 411 1137 454 Fonseca
1147 413 1212 446 dec.

333 465 496 511 archiep.
513 463 712 509 Ulffiponen.
725 471 782 504 95.
797 471 870 495 num
884 466 917 496 6.
940 461 974 495 in
987 458 1046 503 fine
1059 457 1216 502 verficulo

334 523 402 559 qnae
410 509 541 559 poffeffio
556 535 565 549 ‚
582 513 625 546 ὕ·
638 518 783 550 num.15.
795 508 859 554 poli
872 509 952 542 med.
964 504 1123 552 versiculo
1138 508 1215 552 quia

339 565 431 604 Papa
441 583 449 595 ‚
462 568 568 604 pam.

293 618 311 653 3
364 609 400 640 ln
415 604 554 640 nihilum
568 599 1211 649 refragante,qu6d‚c1‘1m1>anateriinon

337 652 485 688 habeant
500 662 618 687 vocem
630 651 663 685 in
676 649 921 695 Capituloteste
937 648 1210 688 laudatoffiranc.

339 705 465 738 Marco,
480 711 548 733 non
563 698 626 732 lint
640 697 680 732 de
694 697 867 743 Capitulo,
884 697 1091 743 proindeque
1105 695 1211 729 stante

338 744 470 781 defeftu
483 745 658 792 qualitatis
672 744 878 789 Capitnlaris
893 769 903 783 ,
929 742 1127 788 participare
1141 753 1210 777 non

333 792 484 829 debeant
509 793 552 828 de
566 791 786 838 quindenniis
799 791 848 827 uti
870 789 1145 838 provenientibus
1165 800 1206 824 ex

337 840 467 883 juribus
478 838 648 885 Capituli,
662 837 785 875 etenim
799 849 841 874 eo
855 837 927 884 ipso
938 864 947 879 ,
971 837 1066 883 quod
1080 835 1206 871 habent

333 889 388 930 jus
402 887 565 923 Canoniae
575 912 586 927 ‚
610 886 734 923 debent
747 885 911 932 percipere
925 884 1030 920 etiam
1043 883 1207 930 quinden-

336 933 396 969 nia
408 933 628 971 canonicalia
642 958 652 974 ,
672 937 706 971 &
727 933 949 980 quantumvis
970 943 1040 967 non
1060 932 1208 966 habeant

335 991 376 1018 ex
390 982 501 1028 aliqua
514 981 610 1018 causa
627 992 745 1017 vocem
760 981 793 1016 in
807 980 970 1026 Capitulo
981 990 1059 1014 cnm
1074 978 1209 1023 reliquis

340 1028 529 1064 Canonicis
550 1040 618 1065 non
631 1028 819 1064 Panateriis
833 1053 842 1067 ,
871 1040 939 1062 non
963 1026 1043 1062 inde
1058 1027 1209 1061 desinunt

336 1076 396 1112 effe
410 1076 452 1112 de
469 1077 707 1122 Capitulo,nec
721 1076 766 1110 ad
781 1075 1028 1121 perceptionem
1041 1072 1210 1119 quinden-

336 1124 475 1160 niorum
489 1123 665 1170 requiritur
679 1134 746 1158 vox
761 1123 792 1157 in
807 1123 969 1168 Capitulo
984 1146 993 1160 ‚
1016 1132 1075 1156 nec
1088 1117 1210 1165 ingrcs-

337 1169 391 1206 sus
414 1170 450 1207 in
462 1171 541 1206 illud
554 1195 564 1210 ‚
587 1170 638 1206 sed
665 1168 788 1206 sufficit
801 1169 961 1206 habilitas
980 1166 1142 1214 acquiiita
1156 1177 1209 1202 ra-

336 1218 430 1253 tione
442 1217 696 1257 canonicatus,
718 1217 847 1252 etiamsi
870 1216 931 1251 ista
946 1218 967 1251 a
980 1218 1133 1254 Statum,
1158 1215 1208 1249 vel

338 1264 577 1301 consuetudine
603 1265 637 1300 in
661 1264 847 1300 Panateriis
867 1261 1080 1308 suspendatur
1091 1287 1099 1300 ,
1126 1261 1209 1303 ejus-

337 1323 404 1358 que
416 1313 613 1348 exercitium
628 1310 797 1347 auferatur
813 1337 821 1350 ‚
835 1310 944 1345 immo
961 1308 1090 1343 faciunt
1106 1319 1210 1343 unum

337 1369 467 1395 coetum
482 1385 491 1400 ,
517 1363 550 1394 &
573 1358 779 1394 conveniunt
799 1357 831 1392 in
844 1358 962 1392 Choro
982 1355 1111 1391 infimul
1133 1366 1211 1389 cum

338 1407 414 1442 aliis
427 1431 436 1445 ‚
451 1405 663 1450 &accipiunt
676 1403 877 1450 stipendium
892 1415 932 1438 ex
945 1413 1023 1438 arca
1035 1402 1210 1446 Capitula-

340 1453 367 1489 ri
381 1479 390 1493 ‚
405 1453 456 1488 seu
471 1450 647 1487 communi
662 1463 672 1490 ;
694 1451 788 1498 quod
802 1448 1039 1496 exemplificari
1054 1449 1158 1495 potest
1174 1448 1209 1484 in

287 1514 312 1548 4
336 1499 515 1536 Canonico
526 1510 593 1534 non
605 1498 769 1534 ordinato
780 1497 814 1533 in
827 1500 932 1533 Sacris
944 1523 952 1537 ,
965 1498 1035 1542 qui,
1050 1496 1177 1532 etiarnsi
1189 1497 1209 1532 a

339 1552 371 1584 S.
386 1547 502 1583 Concil-
516 1547 655 1582 Trident.
662 1544 730 1592 seff-
744 1558 799 1581 22.
812 1548 850 1581 de
864 1546 999 1590 Reform.
1014 1553 1120 1591 cap.4.
1134 1556 1210 1588 pro-

335 1595 492 1629 hibeatur
515 1592 636 1628 habere
658 1604 778 1629 vocem
800 1592 1008 1638 incapitulo
1022 1616 1032 1631 ‚
1056 1602 1208 1626 attamen

335 1641 460 1677 dicitur
471 1641 513 1676 de
525 1640 690 1687 Capitulo
709 1639 840 1676 ratione
853 1639 1014 1675 Canoniae
1030 1664 1039 1679 ,
1063 1643 1094 1673 &
1117 1650 1205 1675 tam-

291 1699 307 1733 ς
335 1688 442 1736 quam
463 1688 543 1725 talis
556 1686 641 1724 bene
673 1687 854 1733 participat
866 1688 909 1722 de
923 1687 1139 1731 quindenniis
1164 1698 1204 1723 ex

334 1738 403 1773 lata
416 1747 520 1773 manu
533 1745 593 1784 per
605 1744 668 1770 nos
682 1736 793 1772 allatis
804 1735 838 1772 in
852 1737 1000 1780 Cap.Xcl
1003 1738 1045 1771 V.

340 1854 1094 1904 ARGUMENTUM.

239 1972 404 2017 Choristae
417 1997 427 2013 ,
443 1971 495 2009 seu
511 1971 667 2009 Chorarii
682 1970 754 2008 tam
770 1970 803 2006 in
820 1971 965 2007 Ecclesia
980 1971 1176 2009 Cathedrali
1195 1997 1204 2012 ‚

285 2022 391 2067 quam
406 2021 439 2056 in
455 2020 646 2067 Collegiata
657 2046 665 2059 ‚
687 2018 862 2065 praesertim
878 2019 996 2055 Galliae
1016 2031 1085 2054 non
1102 2019 1206 2065 parti-

285 2069 402 2116 cipant
415 2068 456 2104 de
468 2066 686 2115 quindenniis
701 2092 709 2107 ,
731 2064 860 2102 etiamsi
874 2066 1019 2102 habeant
1032 2067 1206 2112 quotidia-

285 2126 349 2152 nas
359 2115 613 2153 distributiones
624 2113 773 2151 adinstat
786 2113 1042 2151 canonicorum
1055 2138 1065 2149 .

475 2212 496 2246 S
519 2211 557 2246 U
583 2211 617 2246 M
643 2211 680 2246 M
705 2211 736 2245 A
763 2209 796 2245 R
820 2210 838 2243 I
860 2209 898 2244 U
923 2209 983 2244 M.

290 2314 308 2341 ι
335 2310 442 2350 Nemo
452 2303 546 2354 potest
552 2303 677 2351 sibimet
682 2302 799 2348 subiici
812 2328 822 2339 .

291 2362 311 2385 2
337 2355 399 2388 Soli
413 2354 560 2390 Canonici
570 2353 760 2400 participant
774 2353 810 2386 de
823 2352 1022 2397 quindenniis
1034 2376 1043 2388 0

291 2407 310 2442 3
339 2403 414 2442 Non
426 2401 612 2445 consortium
621 2402 700 2435 inter
713 2396 860 2434 habentes
874 2411 940 2434 rem
952 2398 1080 2441 diverso
1090 2399 1186 2434 titulo
1199 2422 1209 2434 .

289 2453 314 2488 4
338 2445 408 2492 Jus
422 2449 607 2495 percipiendi
629 2444 859 2488 distributiones
867 2447 1003 2492 pertinet
1026 2449 1066 2481 ad
1079 2447 1211 2482 Canoni-

383 2504 487 2530 calum
499 2520 509 2529 ι

288 2546 313 2582 5
339 2537 413 2586 Jus
425 2542 677 2589 capitularitatis
688 2541 834 2587 dependet
848 2537 870 2574 a*
878 2538 949 2587 J'ure
963 2540 1105 2575 canonice
1118 2564 1129 2574 .

445 2635 907 2674 CAPITULUM
955 2634 1100 2670 CXVII·

338 2730 384 2807 S
403 2729 506 2766 Olent
521 2730 556 2766 in
570 2731 738 2778 aliquibus
750 2729 1029 2769 cathedralibus,
1041 2731 1074 2763 δε
1092 2729 1206 2764 Colle-

408 2776 512 2823 giatis
522 2779 672 2814 Ecclefiis
697 2778 847 2814 maxime
860 2776 1114 2813 Gallicanarum
1139 2777 1207 2811 Re-

333 2823 480 2869 gionum
494 2824 629 2860 existere
643 2825 838 2871 Praesbyteri
853 2824 1015 2860 Choristae
1027 2847 1038 2863 ,
1051 2821 1102 2859 seu
1115 2822 1210 2858 Cho-

335 2870 414 2906 rarii
425 2871 508 2908 dieii
519 2872 606 2907 alias
620 2871 814 2918 Epifl'aridi‚
837 2869 893 2907 seu
910 2870 1075 2906 Affistorii
1087 2895 1096 2910 ‚
1112 2871 1211 2906 cum·

335 2929 402 2964 que
423 2918 457 2953 hi
471 2918 726 2966 distributiones
745 2917 967 2963 quotidianas
980 2917 1129 2953 adinstar
1143 2919 1211 2953 Ca-

331 2965 541 3002 nonicorum
568 2964 753 3012 percipiant
775 2964 821 2999 ob
844 2963 1011 3010 personale
1036 2962 1208 3000 servitium

334 3023 394 3058 per
404 3011 493 3060 ipsos
507 3012 655 3049 Ecclefiae
669 3010 850 3059 praestitum
862 3034 872 3050 ,
897 3010 979 3045 inde
998 3009 1045 3046 ob
1058 3011 1208 3058 aliquam

332 3070 414 3095 cum
426 3058 618 3096 Canonicis
630 3057 899 3096 fimilitudinem,
910 3058 960 3092 vel
975 3056 1021 3091 ob
1034 3060 1209 3094 modicam

333 3105 421 3143 inter
433 3107 594 3153 utrosque
606 3104 841 3144 differentiam,
853 3103 934 3142 oriri
946 3105 1032 3138 valet
1043 3104 1183 3141 dubium
1197 3131 1210 3148 ,

332 3161 378 3187 an
400 3154 508 3190 etiam
532 3153 586 3190 isti
607 3153 675 3189 vna
689 3163 767 3189 cum
790 3150 975 3189 canonicis
997 3161 1060 3196 pro
1086 3153 1207 3198 aequali

325 3200 487 3242 portione
533 3199 736 3248 participare
773 3199 920 3236 debeant
963 3196 1008 3233 de
1041 3199 1208 3244 quinden-

331 3244 417 3285 niis,
440 3258 543 3291 prout
571 3247 640 3284 una
659 3258 738 3283 cum
763 3245 950 3283 canonicis
973 3245 1205 3294 participare,

332 3288 438 3327 solent
451 3294 494 3329 de
506 3293 721 3340 quotidianis
733 3291 1028 3330 distributionibus
1038 3318 1047 3332 ,
1062 3304 1207 3338 quamo-

329 3336 423 3374 brem
439 3340 484 3374 ad
500 3340 690 3377 tollendum
703 3351 807 3376 omne
820 3339 965 3376 dubium
977 3363 988 3377 ‚
1008 3339 1042 3374 in
1057 3340 1205 3385 praesenti

324 3382 520 3424 resolvimus
529 3410 540 3427 ,
554 3387 652 3433 quod
664 3385 839 3427 ehoristae,
849 3385 904 3425 seu
915 3384 1068 3428 §horarii
1081 3384 1200 3425 tamin

823 111 1080 180 Jo'annis
1101 108 1314 195 Lopez
1347 109 1425 174 de
1444 115 1648 176 Leone
1664 158 1679 181 ‚

1272 224 1417 259 Ecclesia
1432 223 1626 260 Cathedrali
1638 248 1649 262 ,
1664 219 1769 267 quain
1785 220 1820 256 in
1835 219 2049 266 collegiata.
2068 232 2147 267 prae·

1271 268 1380 306 sertim
1396 271 1527 311 Galliae,
1542 282 1610 306 non
1626 269 1833 315 participant
1846 271 1887 303 dc
1906 282 1917 301 ι
1932 268 2123 303 uindenniis
2138 293 2147 308 ,

1271 319 1399 352 etiamn
1417 319 1562 354 habeant
1585 316 1807 363 quotidianas
1819 280 2073 351 distributiones
2088 315 2146 351 ad-

1274 366 1304 398 in
1313 368 1376 399 liar
1390 365 1658 403 canonicorum,
1670 365 1753 398 tales
1763 363 1852 398 enim
1864 375 1931 398 non
1943 360 2047 397 solum
2060 362 2147 398 inter

1273 410 1301 446 sc
1315 424 1383 447 non
1398 411 1526 448 faciunt
1539 414 1742 458 Collegium,
1755 409 1806 445 sed
1820 421 1879 445 nec
1893 410 2016 445 habent
2029 420 2146 444 vocem

1276 459 1312 493 in
1328 460 1491 504 Capitulo
1503 484 1514 499 ‚
1537 471 1595 495 nec
1606 459 1679 494 sunt
1692 459 1734 495 dc
1750 459 1913 502 capitulo
1927 484 1935 497 ,
1952 457 2060 492 immo
2076 456 2148 492 sub-

1275 505 1364 545 sunt,
1380 510 1411 541 &
1427 506 1645 542 subiiciuntur
1661 506 1825 552 Capitulo
1836 530 1846 544 ,
1861 505 1956 552 quod
1973 504 2124 549 implicat
2136 529 2145 543 ,

1272 564 1315 588 ac
1327 554 1441 598 potius
1462 555 1618 594 denotat,
1631 565 1689 590 eos
1701 566 1769 589 non
1783 552 1841 588 elle
1853 555 1894 587 de
1907 552 2070 597 Capitulo
2082 577 2090 591 ,
2112 554 2146 586 &

1271 600 1389 646 potitis
1414 600 1488 636 sunt
1503 601 1696 636 mercenarii
1722 599 1896 647 Capituli,
1923 599 2027 645 quam
2045 599 2147 644 Capi-

1271 652 1410 686 tularcs,
1440 648 1481 683 ne?
1508 647 1592 684 alias
1612 647 1796 692 sequeretur
1816 646 1995 683 absurdum
2017 671 2027 686 ‚
2048 645 2146 691 quod

1270 693 1347 737 quis
1367 694 1430 729 hac
1448 695 1501 730 via
1527 706 1581 740 per
1594 695 1793 731 indirectum
1822 696 1949 729 (ibimet
1964 692 2064 728 subiit
2080 718 2089 733 ,
2112 697 2144 728 δι
2174 708 2189 735 1

1269 741 1463 776 subiiciatur
1475 767 1485 782 ,
1513 744 1647 777 Tondut.
1664 743 1752 784 resol.
1767 748 1882 778 Canon.
1896 752 1966 789 par.
1982 756 2011 776 2.
2029 749 2097 786 cap.
2117 752 2146 781 ³·

1267 796 1318 828 §.1
1329 801 1358 823 2.
1374 800 1449 823 nu.2
1460 801 1487 824 1.
1502 796 1752 824 franc-nuruis
1765 790 1853 831 decis.
1871 790 2051 836 Delphinal.
2066 800 2146 830 207.

1267 846 1377 869 nu.un.
1387 846 1494 882 pam.
1508 841 1550 873 (φ
1562 836 1652 879 decis.
1671 839 1749 880 318.
1760 849 1849 870 mm.
1859 845 1966 882 par-2.
1979 834 2144 881 liquidem

1265 882 1517 918 distributiones
1541 883 1731 930 percipiunt
1765 883 1896 918 ratione
1918 883 2112 928 psalmodiae
2131 907 2143 923 ‚

1268 941 1373 974 quam
1388 941 1553 975 peragunt
1579 931 1610 965 in
1627 930 1746 965 choro
1760 931 1826 965 una
1839 941 1916 965 cum
1930 930 2115 966 Canonicis
2134 955 2144 969 ‚

1268 975 1411 1023 indeque
1425 977 1507 1013 dieti
1523 977 1685 1013 Lhoristae
1697 1003 1705 1017 ,
1722 989 1789 1012 non
1805 987 1919 1013 autem
1932 976 2063 1012 ratione
2075 979 2144 1012 Ca-

1269 1025 1377 1059 noniae
1391 1050 1400 1064 ‚
1422 1037 1489 1071 qua
1502 1035 1618 1061 carent
1633 1024 1768 1060 nomine
1782 1051 1792 1066 ‚
1817 1029 1850 1060 &
1864 1036 1897 1059 re
1908 1049 1916 1063 ,
1942 1035 1979 1060 ut
1991 1033 2084 1069 patet
2097 1024 2143 1060 ad

1268 1069 1393 1106 sensum
1405 1098 1414 1112 ‚
1428 1076 1523 1115 juxta
1539 1085 1619 1108 mox
1635 1072 1785 1108 adtlueia
1799 1098 1807 1110 ‚
1822 1071 1900 1107 licet
1914 1082 2059 1117 namque
2076 1073 2143 1108 Ca-

1272 1119 1388 1154 nonici
1402 1120 1473 1154 illas
1487 1121 1675 1166 percipiant
1691 1121 1792 1155 etiam
1809 1120 1939 1155 ratione
1953 1119 2080 1159 chori,
2093 1129 2144 1154 at·

1268 1175 1381 1201 tamen
1394 1166 1523 1202 easdem
1540 1167 1728 1213 pscipiunt
1742 1166 1846 1202 etiam
1862 1167 1930 1202 alio
1943 1167 2045 1202 titulo
2059 1191 2067 1204 ‚
2090 1177 2143 1202 ra·

1268 1212 1363 1248 tione
1389 1213 1509 1258 nempe
1526 1215 1687 1250 (?anoniae
1702 1227 1711 1253 ;
1740 1215 1831 1250 unde
1854 1214 2015 1249 Choristae
2039 1213 2143 1258 perci-

1272 1260 1400 1305 pientes
1414 1261 1665 1297 distributiones
1677 1274 1715 1297 ex
1728 1261 1855 1297 diversa
1868 1260 1978 1300 causa,
1992 1272 2061 1308 qua
2073 1261 2145 1297 Ca·

1272 1307 1385 1342 nonici
1400 1334 1408 1347 ,
1424 1321 1489 1343 non
1502 1309 1625 1344 dtbent
1636 1309 1835 1354 participare
1848 1308 1890 1345 de
1901 1308 2116 1355 quindenniis
2129 1333 2140 1347 .

1272 1353 1313 1388 de
1327 1355 1450 1400 quibus
1462 1354 1517 1391 soli
1532 1357 1698 1391 Canonici
1713 1356 1916 1401 participant
1929 1369 1968 1390 ex
1983 1354 2141 1391 adduffis

1270 1412 1326 1445 per
1339 1401 1465 1445 Barbof.
1480 1406 1660 1446 axiom.74.
1672 1415 1760 1445 nu.3.
1774 1414 1845 1438 cum
1856 1404 1964 1450 seq&
1978 1407 2068 1438 nu.6.
2083 1414 2143 1438 nec
2167 1409 2191 1432 Φ

1268 1450 1353 1484 inter
1368 1448 1524 1485 habentes
1537 1450 1699 1486 diversum
1715 1452 1849 1484 titulum
1863 1448 1954 1495 super
1974 1449 2094 1484 eadem
2108 1461 2140 1485 re
2167 1455 2186 1488 3

1268 1494 1368 1530 datur
1380 1494 1596 1536 consortium,
1610 1496 1660 1532 stu
1673 1497 1988 1536 communi-naemu
2005 1497 2038 1532 in
2054 1497 2143 1532 fimi-

1269 1543 1290 1576 li
1315 1548 1355 1577 de
1375 1543 1603 1588 proprietario
1618 1569 1626 1582 ,
1653 1549 1683 1579 ὃς
1709 1542 1948 1579 usufructuario
1963 1545 2084 1580 Ῥονιοί.
2106 1546 2143 1581 de

1268 1591 1401 1632 Consort.
1417 1593 1523 1638 cap.8.
1536 1603 1648 1634 nu.13.
1661 1602 1732 1626 cum
1742 1590 1827 1637 seqq.

1313 1638 1393 1672 Non
1409 1638 1630 1685 obstat,quod
1649 1639 1700 1681 jus
1714 1636 1917 1684 percip'endi
1933 1636 2140 1673 distributio-

1267 1695 1324 1720 nes
1338 1710 1346 1718 .
1357 1688 1450 1731 quod
1469 1685 1592 1721 habent
1607 1685 1769 1720 Lboristae
1783 1712 1793 1726 ‚
1807 1686 1948 1730 pertinet
1961 1688 2005 1720 ad
2022 1686 2137 1720 Cauo—
2164 1691 2189 1724 4

1263 1733 1416 1767 nicarum
1440 1742 1509 1778 cap.
1532 1732 1662 1768 dileetus
1680 1745 1732 1775 19.
1747 1733 1772 1768 il
1790 1745 1816 1766 1.
1830 1742 1898 1778 cap.
1920 1743 1976 1779 pro
1991 1733 2140 1767 ’ἰίοναννυ

1263 1779 1441 1827 provisione
1454 1793 1508 1815 22.
1532 1788 1601 1826 cap.
1627 1780 1759 1815 dileuus
1774 1791 1828 1820 27.
1848 1781 1873 1814 il
1886 1794 1914 1814 2.
1932 1782 1968 1813 de
1977 1780 2141 1814 ‘Praebend-

1265 1826 1427 1872 quianon
1438 1827 1483 1861 est
1498 1826 1622 1872 semper
1633 1827 1724 1861 bona
1736 1825 1986 1872 consequentia,
2002 1828 2054 1860 hic
2067 1838 2140 1872 per-

1264 1873 1347 1918 cipit
1361 1873 1489 1920 aliquid
1504 1874 1657 1910 exmaila
1672 1874 1861 1919 Capitulari
1873 1898 1881 1912 ,
1911 1885 1992 1918 ergo
2002 1873 2048 1909 est
2064 1875 2139 1910 du

1265 1921 1440 1967 Capitulo,
1451 1922 1528 1957 cum
1543 1920 1725 1967 pulsatores
1739 1922 2008 1967 Campanarum,
2019 1925 2052 1955 &
2070 1931 2140 1955 ver-

1262 1969 1382 2005 ritores
1396 1968 1613 2004 Ecclefiarum
1637 1970 1826 2004 mercedem
1842 1969 1986 2005 habeant
1998 1970 2018 2003 a
2035 1966 2140 2012 Capi-

1263 2019 1336 2053 tulo
1353 2042 1362 2056 ‚
1387 2019 1420 2051 δε
1435 2026 1547 2052 tamen
1562 2028 1628 2052 non
1643 2015 1717 2051 sunt
1732 2015 1965 2064 Capitulares·‚
1993 2027 2030 2050 ur
2044 2024 2139 2060 patet

1263 2065 1308 2100 ad
1320 2062 1465 2102 sensum3
1489 2075 1557 2099 non
1571 2065 1686 2109 itaque
1707 2061 1773 2098 sola
1786 2063 1959 2108 perceptio
1980 2061 2138 2097 distribu-

1265 2111 1399 2148 tionum
1412 2110 1586 2145 constituit
1600 2111 1633 2145 in
1647 2110 1739 2154 quali
1758 2108 1951 2154 poffcllione
1967 2109 2049 2150 juris
2067 2109 2140 2143 Ca-

1265 2159 1429 2194 nonicalis
1444 2182 1453 2196 ‚
1478 2160 1510 2192 &
1531 2157 1706 2204 qualitatis
1730 2156 1956 2200 capitularis,
1984 2167 2026 2190 eo
2040 2154 2139 2201 quod

1267 2205 1370 2242 etiam
1387 2205 1450 2239 istae
1464 2204 1536 2240 aliis
1548 2203 1686 2239 Clericis
1700 2201 1910 2238 inferioribus
1922 2202 1996 2238 dari
2012 2202 2120 2237 solent
2130 2225 2142 2241 ,

1267 2255 1383 2300 quales
1398 2251 1470 2287 sunt
1485 2251 1592 2286 Affiiii
1609 2277 1617 2289 ‚
1630 2249 1848 2286 Manli-marii
1863 2275 1871 2288 ‚
1891 2251 2067 2295 caeterique
2083 2250 2142 2284 Be-

1266 2299 1414 2336 neficiati
1427 2323 1435 2337 ‚
1461 2310 1530 2334 non
1546 2299 1626 2334 inde
1642 2308 1754 2333 tami-n
1772 2297 1830 2332 fibi
1849 2307 2006 2343 arrogare
2027 2297 2143 2331 valen-

1267 2357 1316 2383 tes
1330 2350 1402 2391 jura
1414 2345 1636 2382 Canonicalia
1651 2371 1658 2385 ,
1681 2345 1851 2391 longeque
1869 2344 1984 2379 minus
1997 2342 2140 2388 Capitu-

1267 2396 1362 2434 laria,
1375 2393 1459 2429 inter
1470 2405 1542 2439 quae
1555 2401 1791 2429 enumerantur
1804 2391 2011 2436 quindennia
2025 2402 2065 2425 ex
2078 2401 2140 2429 eo,

1267 2443 1362 2488 quod
1377 2443 1430 2483 jus
1441 2440 1712 2487 Capitularitatis
1723 2463 1734 2479 ,
1752 2437 1804 2474 seu
1816 2439 2008 2473 vocalitatis
2020 2436 2141 2482 depen-
2164 2442 2182 2476 ς

1269 2491 1328 2525 det
1351 2490 1372 2524 a
1396 2491 1465 2532 jure
1481 2488 1642 2524 canoniae
1655 2513 1664 2527 ‚
1689 2485 1740 2521 seu
1754 2485 1988 2521 eanonicam
2005 2486 2049 2519 ad
2059 2491 2142 2519 text.

1269 2538 1300 2572 in
1311 2546 1379 2584 cap.
1391 2545 1448 2582 pro
1457 2535 1584 2571 illorum
1598 2548 1649 2571 22.
1665 2533 1779 2575 iasine,
1794 2533 1978 2580 capAiletro
1994 2545 2031 2567 2<
2041 2558 2046 2564 .
2057 2530 2141 2566 circd

1262 2585 1341 2624 med.
1352 2581 1558 2619 de'Praebend.
1571 2584 1726 2628 cap-unic.
1737 2583 1773 2615 de
1787 2582 1956 2616 clerianon
1971 2579 2045 2623 refid
2057 2580 2089 2612 in
2102 2580 2137 2612 6-

1260 2635 1318 2670 ibi:
1327 2631 1544 2673 [tammum
1555 2627 1787 2669 distributiones
1798 2626 1858 2665 islae
1871 2628 2057 2673 quotidianae
2067 2627 2140 2660 &c-

1264 2680 1426 2717 Canonicis
1436 2701 1445 2715 ,
1459 2689 1496 2712 ac
1509 2678 1583 2712 aliis
1598 2675 1791 2718 Beneficiatis
1804 2677 1877 2710 &a
1889 2673 2082 2709 tribuantur,
2096 2673 2139 2706 ό·

1262 2730 1300 2765 in
1310 2730 1497 2770 Extravag.
1509 2725 1580 2760 cum
1595 2724 1746 2758 nonnullae
1767 2722 1799 2756 la
1818 2734 1848 2756 1.
1863 2730 1892 2760 §.
1906 2716 2059 2756 ‘Praeterea'
2068 2719 2138 2753 de.-

1267 2772 1429 2811 Pr.cbend·
1452 2773 1510 2807 int.
1525 2782 1678 2807 commun.
1694 2769 1759 2804 ibi:
1782 2770 1876 2815 panis
1892 2793 1900 2806 ,
1923 2771 1965 2804 (φ
1978 2773 2067 2811 potus
2081 2773 2139 2810 pro

1266 2820 1460 2868 quotidianis
1473 2816 1745 2860 distributionibus
1757 2818 1827 2852 &a
1839 2815 2009 2867 canonicis,
2021 2814 2062 2847 (7‘
2073 2822 2144 2857 per·

1262 2870 1346 2913 lonis
1359 2869 1429 2904 &a
1450 2872 1579 2901 Moneta
1592 2866 1628 2900 de
1640 2863 1848 2903 distribution.
1860 2861 2142 2908 quotidianpara.

1267 2927 1358 2964 qud.
1370 2913 1503 2959 concl.4.
1515 2923 1607 2957 n.15.
1620 2912 1789 2957 cumseqq.
1804 2915 1846 2946 (9⁸
1858 2917 1969 2953 qu.20.
1981 2917 2048 2942 na.

1339 3022 2166 3083 ARGUMENTUM.

1267 3153 1443 3190 Habentes
1483 3143 1681 3183 Praebendas
1712 3139 1982 3186 Praeceptoriales
2008 3150 2077 3175 non
2100 3137 2237 3186 poffunt

1314 3198 1516 3247 participare
1540 3194 1583 3226 de
1606 3187 1855 3235 quindenniisa
1870 3199 1973 3223 manu
1998 3197 2135 3223 mortua
2159 3188 2236 3223 Em-

1311 3247 1480 3292 phyteuta
1495 3236 1620 3273 debitis
1635 3234 1799 3281 Capitulo
1814 3236 1972 3270 Domino
1986 3235 2129 3273 directo,
2143 3234 2163 3267 a
2179 3245 2236 3268 vu-

1307 3295 1364 3338 jus
1377 3285 1512 3326 Mensa,
1537 3282 1594 3321 seu
1608 3284 1712 3321 Masta
1723 3284 1950 3330 procellerunt
1972 3282 2071 3320 dietae
2085 3281 2237 3318 Praeben-

1308 3339 1360 3374 dae
1372 3360 1383 3372 .

2063 3425 2180 3460 SUM-
