2295 3757
253 117 374 197 256

171 239 233 272 153
263 221 536 271 Subernphyteusis
548 219 639 266 cessat
653 228 707 267 per
720 215 1122 269 mortemsubemphyteutae
1136 238 1147 250 .

172 286 238 318 154
266 274 338 319 “Jus
352 273 519 316 recepturis
534 269 709 312 resolvitur
719 267 852 309 resoluto
864 266 1063 315 jureiiatoris
1076 286 1085 296 .

171 332 235 364 155
263 312 607 364 &ubempbyteuticatio
620 315 658 358 cll
668 314 848 360 prorogatio
859 310 1085 364 ,‘”¹Ph)'‘‚⁶¹{l¹52
1118 356 1125 363 .

161 373 235 412 -156
262 366 409 412 Resoluto
424 364 492 411 jure
519 365 636 399 datoris
651 361 825 403 resolvitur
852 369 904 403 pus
918 363 1100 402 accipientis
1112 367 1148 390 m

311 412 508 459 emphyteusi,
523 415 565 447 &-
580 411 653 443 aliis
668 403 884 442 comunibus
899 428 907 436 .
1097 450 1104 457 ·

161 473 237 507 «157
262 460 427 503 consensus
442 459 568 495 Domini
588 454 785 502 praeliemitur
806 464 847 487 ex
867 451 1148 496 quadragenaria-³

310 506 574 554 l'ubempbvteutae
584 498 752 547 poffcffione
763 524 772 533 .

176 559 243 598 158
270 555 320 591 lta*
331 552 464 595 decisum
475 554 508 585 in
523 555 636 584 Senatu
652 546 797 591 Lusitano
812 571 821 579 .

175 616 243 648 159
271 603 357 648 ,Qiael
371 600 455 647 apud
468 596 632 642 Lusitanos
648 593 840 628 Levantada
855 592 897 627 de
911 589 996 636 fogo
1010 599 1126 626 morto
1136 614 1147 625 .

173 656 243 688 160
269 651 351 692 Quis
361 648 398 683 ob
410 645 530 692 lapsum
549 643 696 688 temporis
713 640 910 687 pra‘sumitur
923 639 1124 686 emphyteuta
1139 662 1148 672 .

165 710 189 739 ’.ι
197 704 218 734 6
227 710 239 733 ι
269 697 393 733 Mentio
405 694 484 739 legis
497 696 620 727 Veneta·
631 715 640 724 .

166 750 239 781 =162
266 741 421 778 Menoch.
434 735 658 782 oculatiffimus
674 735 935 782 ‘Jurisconsultus
947 760 957 769 .

175 806 190 828 ι
198 798 238 834 63
269 796 365 825 Error
377 786 580 832 ‘typographi
592 776 746 828 occasione
755 784 841 818 dieta
854 784 933 828 legis
944 787 1068 819 Veneta
1079 805 1090 816 .

175 844 242 880 164
265 841 329 872 cur
341 837 372 870 in
383 829 602 881 ”s'ypographia
616 830 772 866 camerali·
795 831 832 864 de
843 827 935 865 vrbe
949 838 995 864 tot
1007 839 1126 864 errores
1137 851 1148 862 .

162 889 234 927 »165
265 889 317 920 Ex
330 880 709 927 subcmphyteuticatione
728 875 856 914 debetur
875 878 1010 913 Domino
1033 877 1148 912 directo

314 931 507 965 laudemium
521 952 531 962 .

174 994 188 1017 1
196 984 239 1017 66
266 981 281 1010 Ι
285 990 303 1012 n
315 977 503 1014 cathalonis
513 975 706 1010 laudemium
716 973 833 1008 dicitur
840 972 926 1016 foris
922 972 1049 1018 capium
1061 995 1071 1006 .

174 1032 242 1069 167
268 1025 435 1071 Refellitur
445 1020 583 1058 solsona
597 1022 720 1056 luceru.
732 1019 918 1056 laudem-2.
934 1018 1076 1065 princip.
1088 1029 1146 1065 qu.

311 1072 385 1118 post
400 1072 530 1106 num.8.

172 1125 240 1160 168
267 1117 468 1166 Reprobatur
482 1114 656 1153 Valasc.de
668 1113 885 1161 jur.emphyt.
898 1124 1017 1162 qu.13.
1030 1124 1105 1148 nu.1
1115 1125 1145 1148 2.

174 1174 243 1214 169
268 1167 534 1212 Subemphyteuta
553 1176 593 1200 ex
605 1163 698 1208 culpa
719 1164 750 1197 in
762 1160 953 1208 commiffum
965 1162 1116 1196 incidente
1135 1183 1145 1199 ,

314 1215 456 1263 aperitur
466 1210 671 1260 emphyteusis
686 1211 820 1245 Domino
833 1235 841 1243 .

175 1276 245 1309 170
270 1262 365 1309 ,Quod
377 1261 497 1296 militat
506 1261 602 1295 etiam
613 1257 832 1301 infeudatario
846 1254 1091 1299 subinfeudante
1102 1279 1111 1288 .

174 1324 238 1358 171
268 1311 422 1354 Reiicitur
434 1310 548 1344 Florez
560 1305 648 1340 Diaz
657 1303 700 1339 de
713 1302 870 1338 Me112.ad
880 1300 1145 1338 deciLGamno.

312 1367 442 1392 numa.
452 1355 487 1390 in
497 1355 561 1389 fine
573 1378 582 1387 .

173 1421 240 1454 172
266 1405 358 1440 Utile
368 1404 537 1439 dominium
541 1401 562 1445 s
560 1398 802 1445 ubemphyteuta
821 1395 918 1432 habet
931 1394 951 1430 d
961 1396 1094 1431 Domino
1111 1421 1121 1430 .

174 1459 238 1500 1'73
265 1455 397 1490 Primus
406 1447 692 1495 emphyteuticando
706 1444 841 1488 tranfert
851 1443 929 1478 utile
937 1445 1105 1478 dominium
1114 1445 1147 1478 in

310 1500 329 1543 s
327 1497 601 1544 ubemphyteutam
614 1517 623 1527 .

174 1563 243 1596 174
267 1548 328 1590 ma
341 1547 443 1592 opinio
454 1542 492 1584 est
505 1543 617 1576 verior
627 1564 636 1579 ,
653 1552 690 1574 αι·
699 1536 891 1584 probabilior
901 1562 911 1572 .

174 1609 236 1644 175
266 1591 598 1639 Subemphyteuticans
621 1585 792 1629 transferre
810 1584 900 1621 debet
922 1585 954 1620 in
959 1582 1147 1628 subemphy-

307 1648 429 1676 tentam
441 1648 527 1673 omne
541 1634 604 1680 jus,
615 1634 673 1669 vel
683 1643 754 1668 eum
763 1640 875 1679 ponere
885 1633 916 1667 in
922 1632 981 1675 suo
995 1632 1060 1667 loco
1076 1653 1086 1663 .

173 1697 239 1737 175
265 1684 606 1733 Subempbyteuticatio
620 1680 810 1728 aequiparari
818 1678 913 1723 potesi
923 1679 945 1721 s
941 1678 1146 1713 ublocationi.

173 1752 238 1783 177
270 1737 332 1770 Oui
344 1732 538 1769 commodum
545 1728 639 1770 sentit
651 1751 660 1766 ,
672 1728 779 1770 sentire
793 1724 880 1761 debet
900 1729 995 1762 etiam
1008 1738 1085 1760 onus
1100 1748 1109 1758 .

174 1791 239 1831 178
265 1767 531 1827 Rbemphyceuta
551 1775 613 1812 hab
620 1783 649 1810 et
661 1776 787 1809 eandem
810 1775 998 1821 qualitatem
1023 1771 1147 1819 emphy-

313 1838 405 1865 teutae
419 1851 428 1860 .

175 1893 242 1927 179
268 1885 330 1922 Res
345 1872 453 1919 transit
467 1884 537 1908 cum
547 1869 700 1914 oneresuo
711 1892 722 1904 .

175 1942 191 1966 1
200 1932 243 1965 80
269 1924 477 1967 consentiente
486 1922 618 1957 Domino
628 1919 814 1964 cuicumque
823 1916 1148 1962 conti-attui‚comprg·

313 1971 460 2007 henditur
466 1965 806 2013 subempbyteuticatio
815 1989 826 1999 .
1127 1968 1129 1971 ·

176 2028 239 2062 181
266 2017 374 2064 Pensio
391 2014 518 2052 debetur
526 2017 628 2062 primo
649 2011 854 2059 emphyteuta
873 2011 994 2047 ratione
1005 2011 1146 2056 recogni-

311 2067 406 2102 tionis
419 2064 550 2099 dominii
563 2087 574 2096 .

176 2123 242 2159 182
268 2113 469 2163 Qindennia
474 2108 681 2156 successerunt
694 2109 728 2143 in
745 2106 848 2142 locum
861 2106 1089 2141 laudemiorum
1103 2129 1113 2139 .

178 2179 194 2204 1
202 2170 242 2211 83
271 2163 426 2206 Reiicitur
438 2157 612 2194 Valasc.de
624 2160 693 2201 jure
704 2153 861 2200 emphyt.
869 2164 997 2209 <lu-⁶¹3·
1008 2163 1063 2207 nu.
1072 2160 1085 2183 1
1095 2164 1124 2186 1.

179 2227 194 2251 1
202 2216 247 2256 84
271 2208 482 2255 Emphyteuta
495 2218 553 2242 non
565 2213 704 2241 remanet
712 2202 888 2250 proximior
898 2206 1001 2236 Domo
1011 2201 1125 2255 direlio
1137 2222 1148 2233 .

176 2272 192 2298 1
200 2263 239 2304 85
268 2259 330 2294 ,Λα
334 2256 356 2298 s
353 2254 721 2300 ubemphyteuticandum
732 2260 792 2284 non
801 2249 841 2292 esi
847 2244 1054 2293 neceffe‚quod
1062 2254 1149 2281 tran-

315 2303 452 2347 sferatur
465 2303 621 2346 integrum
631 2300 804 2334 dominium
817 2321 826 2331 .

180 2358 248 2392 186
273 2353 427 2389 Dominus
437 2349 572 2383 direffius
580 2355 701 2382 tenetur
715 2345 882 2387 consentire
897 2341 1080 2378 alienationi
1095 2365 1104 2374 .

180 2404 248 2446 ¹87
275 2397 371 2434 L-fin.
386 2396 471 2430 C.de
483 2398 552 2438 jure
566 2393 705 2439 emphy.
715 2405 775 2429 non
801 2393 900 2427 intrat
910 2391 943 2424 in
961 2387 1152 2434 subemphy-

318 2442 395 2486 tensi
406 2454 466 2477 non
477 2442 617 2477 totaliter
630 2439 821 2476 abdicativa
834 2463 843 2472 .

179 2498 247 2533 183
271 2495 337 2526 Per
348 2489 639 2536 multiplicationem
662 2486 872 2534 obligatarum
892 2482 972 2526 fiunt
991 2483 1154 2528 securiora

317 2538 392 2583 jura
412 2537 537 2572 Domini
551 2536 660 2570 diretta·
672 2559 682 2568 .

181 2601 197 2627 1
206 2591 249 2633 89
275 2586 403 2622 Domini
415 2583 547 2618 conditio
558 2581 629 2624 fieri
641 2579 730 2616 debet
742 2579 832 2626 longe
844 2578 955 2614 melior
964 2603 974 2619 ‚
990 2577 1060 2613 cu¹m
1072 2577 1152 2613 mul-

317 2632 496 2678 tiplicentur
509 2629 663 2674 obligati.
1151 2628 1154 2635 ⁴

180 2695 249 2729 ¹90
272 2679 482 2726 emphyteuta
505 2685 560 2723 per
578 2676 598 2717 s
594 2673 855 2722 ubempbyteufim
878 2685 939 2708 non
961 2671 1067 2716 definit
1093 2669 1150 2717 effe

319 2724 518 2771 emphyteuta
532 2723 656 2759 Domini
668 2724 777 2757 diree‘ii
786 2746 796 2756 .

181 2790 245 2823 191
275 2776 309 2810 Si
319 2772 526 2809 alienatarius
536 2770 658 2810 secundi
673 2769 872 2815 emphyteuta
879 2767 941 2810 fiat
953 2777 1012 2801 non
1021 2765 1150 2807 solven-

325 2821 375 2857 do,
389 2818 468 2852 cedit
482 2818 593 2851 damno
603 2815 805 2862 emphyteuta
815 2839 825 2853 ‚
837 2818 879 2851 &
892 2827 952 2850 non
961 2815 1089 2848 Domini
1100 2836 1110 2846 .

186 2884 250 2917 192
279 2866 486 2904 Laudemium
492 2863 680 2905 solvendum
688 2861 1026 2907 subernphyteuticanti
1041 2884 1049 2893 .

185 2930 249 2963 193
279 2915 432 2959 ⁸Antiqua
447 2917 529 2953 Rota
544 2917 636 2946 tenet,
651 2908 840 2942 laudemium
847 2908 1038 2950 solvendum
1053 2932 1064 2942 .

186 2979 255 3010 194
277 2964 375 2999 Fabia
394 2955 769 3003 subemphyteuticatione
796 2956 835 2988 ad
851 2956 974 2988 tertiam
981 2953 1155 2999 generatio-

323 3018 392 3042 nem
401 3030 411 3044 ‚
428 3006 561 3040 videtur
574 2998 773 3046 intervenisse
784 3012 865 3035 vera
876 3001 1023 3034 alienatio
1037 3026 1047 3035 .

185 3069 248 3101 195
278 3055 434 3092 Dominus
450 3058 571 3086 tenetur
584 3048 751 3091 consentire
774 3055 858 3093 pura
871 3047 1054 3082 alienationi
1063 3071 1073 3081 .

185 3110 252 3147 196
278 3096 547 3145 Subemphyteufis
560 3094 600 3136 est
611 3095 760 3130 alienatio
773 3095 1020 3138 interpretativa
1035 3119 1043 3127 .

182 3163 251 3194 197
274 3152 340 3182 'Per
353 3140 758 3190 sulicinphyteuticationem
781 3139 992 3186 Emphyteuta
1011 3153 1068 3176 non
1079 3139 1153 3186 defi-

320 3195 366 3227 nit
379 3191 433 3236 esJe
447 3190 657 3236 Emphyteuta
675 3212 685 3222 .

182 3247 248 3288 198
276 3239 485 3284 Empbyteuta
506 3239 623 3271 dicitur
648 3236 791 3270 domiuus
809 3234 946 3280 respeetu
965 3233 1152 3280 subemphy-

323 3294 414 3321 teucae
428 3307 438 3318 .

184 3349 251 3383 199
279 3334 406 3370 Dicitur
418 3331 638 3375 quodammodo
653 3330 788 3365 directus
800 3329 943 3363 dominus
955 3351 967 3361 .

181 3396 252 3420 200
275 3378 428 3424 Reliquiae
439 3378 565 3411 dominii
571 3376 644 3419 sunt
655 3378 768 3413 modici
777 3376 924 3412 momenti
936 3398 945 3408 .

745 105 779 170 J
783 107 1000 168 oannis
1025 98 1237 185 Lopez
1272 100 1351 164 de
1368 102 1579 168 Leone
1600 115 1616 174 ,’

1208 225 1272 250 201
1299 219 1336 250 In
1345 213 1721 263 subemphyteuticatione
1740 215 1947 262 requirendus
1971 215 2107 251 dir-ellus
2125 217 2180 251 do-

1343 273 1447 298 mmus
1457 288 1467 297 .

1207 319 1273 344 202
1299 312 1377 353 Non
1388 313 1431 346 im
1453 312 1531 346 licat
1544 311 1615 345 dari
1625 310 1752 351 diversa
1766 311 1902 345 dominia
1914 335 1924 344 .

1207 367 1269 400 203
1299 360 1377 400 Non
1388 360 1423 393 de
1446 368 1476 394 et
1487 357 1542 404 esse
1551 360 1582 392 in
1594 357 1741 404 poteslate
1754 357 1970 403 Emphyteutae
1988 354 2176 403 prejudica-

1344 416 1377 438 re
1387 407 1509 441 domino
1524 431 1533 440 .

1207 461 1278 495 204
1300 453 1338 485 In
1352 450 1444 498 Jure
1453 455 1549 487 datur
1560 456 1731 489 dominium
1744 451 1959 491 subalternum
1969 476 1980 488 .

1208 508 1272 540 205
1303 505 1371 534 Hoc
1384 512 1442 535 non
1455 499 1549 536 habet
1557 503 1814 537 contr-adiftorem
1824 525 1834 535 .

1209 549 1278 582 206
1302 551 1412 581 vnum
1420 549 1590 582 dominium
1604 548 1696 594 pene‘s
1710 550 1787 583 duos
1798 545 1970 594 aliquando
1980 544 2020 589 cll
2031 571 2041 581 .

1209 603 1276 632 207
1305 597 1441 638 Gaaeaga
1452 596 1527 640 quid
1534 594 1574 638 sit
1584 598 1668 640 apud
1681 593 1826 630 Hebraeos
1839 619 1849 629 .

1210 640 1279 676 208
1307 639 1380 686 Jus
1391 645 1526 686 Gazaga
1537 653 1596 677 non
1605 645 1762 687 reperitur
1772 645 1802 676 in
1813 642 2030 677 'Pentatlteuco
2042 666 2051 674 .

1206 698 1274 731 209
1303 692 1448 722 Anconae
1467 688 1672 731 Univcrfitas
1691 689 1896 725 Hebraeorum
1915 697 2041 724 tenetur
2053 688 2093 722 ad
2101 695 2176 733 pen-

1341 734 1442 778 fiones
1453 743 1509 781 per
1521 733 1684 770 biennium
1696 739 1859 773 domorum
1872 737 2076 772 illocatarum
2089 759 2099 769 .

1206 794 1276 819 210
1302 787 1338 818 In
1358 781 1450 817 vrbe
1460 781 1666 826 Universitas
1685 783 1889 819 Hebraeorum
1909 791 2033 819 tenetur
2044 784 2085 818 ad
2096 793 2177 817 nau-

1347 830 1414 865 lum
1424 832 1586 865 domorum
1602 831 1829 866 dislocatarum
1842 856 1851 867 .

1208 889 1271 914 211
1302 875 1567 924 Subemphyteuta
1577 877 1768 913 naturallter
1777 875 1903 924 poffidet
1916 903 1926 913 .

1207 938 1225 961 2
1233 938 1245 962 1
1255 938 1273 960 2
1299 926 1482 960 Dominium
1491 925 1561 959 viri
1573 924 1696 969 respicit
1707 926 1789 960 dotis
1804 924 2099 967 administrationem
2110 949 2121 961 .

1207 985 1224 1008 2
1234 985 1247 1007 1
1256 983 1272 1016 3
1301 974 1483 1008 contractus
1491 971 1566 1007 talis
1576 970 1690 1014 censeri
1699 970 1788 1008 debet
1797 972 1904 1019 qualis
1911 972 1932 1008 a*
1938 971 2088 1021 partibus
2097 983 2178 1008 nun-

1347 1027 1484 1065 cupatur
1495 1043 1504 1053 .

1207 1078 1277 1112 214
1301 1066 1562 1104 standumliterae
1574 1065 1791 1108 Instrumenti,
1818 1067 2112 1103 &denominationi
2121 1066 2177 1111 sa-

1343 1113 1416 1160 pitis
1425 1116 1560 1160 repetitae
1571 1137 1579 1147 .

1206 1174 1224 1197 2
1232 1173 1245 1197 1
1255 1172 1268 1204 ς
1298 1165 1349 1197 Ex
1358 1170 1447 1207 parte
1458 1161 1654 1206 prohaemiali
1665 1162 1795 1197 intentio
1808 1162 1999 1197 concedentis
2008 1162 2105 1198 elucet
2116 1186 2127 1196 .

1206 1220 1245 1243 21
1253 1212 1273 1244 6
1298 1214 1423 1254 Magna
1432 1207 1578 1255 responfio
1591 1210 1702 1253 arguit
1712 1211 1906 1244 contractum
1919 1209 2083 1245 locationis
2096 1233 2106 1242 .

1205 1268 1223 1290 2
1233 1267 1271 1297 17
1297 1255 1473 1296 ‘Praesertim
1485 1257 1559 1290 dum
1570 1254 1716 1301 promissa
1722 1256 1789 1298 suit
1799 1258 1830 1290 in
1841 1258 1973 1300 pecunia
1982 1263 2148 1292 numerata
2163 1279 2174 1291 .

1206 1315 1224 1337 2
1233 1314 1245 1336 1
1254 1305 1272 1337 8
1299 1301 1361 1344 Dis
1357 1304 1482 1338 cretiva
1495 1302 1640 1349 loquutio
1651 1302 1864 1345 diversitatem
1879 1305 1988 1348 arguit
2003 1328 2013 1337 .

1205 1360 1272 1395 219
1298 1347 1459 1394 obligatio
1474 1350 1657 1386 meliorandi
1667 1348 1751 1396 sapit
1773 1351 1968 1386 contractum
1985 1350 2181 1399 Emphyteuo

1345 1405 1444 1431 ticum
1457 1421 1466 1430 .

1206 1455 1274 1478 220
1301 1445 1430 1478 Locatio
1438 1442 1512 1485 fieri
1520 1444 1615 1490 potes}
1627 1447 1669 1480 ad
1679 1447 1807 1481 tertiam
1817 1446 2051 1490 generationem
2062 1467 2073 1479 .

1207 1503 1248 1525 22
1256 1501 1270 1524 1
1301 1494 1377 1534 Non
1388 1493 1589 1526 recedendum
1599 1490 1618 1526 a*
1631 1494 1874 1530 denominatione
1881 1491 1999 1537 pluries
2009 1494 2043 1527 in
2054 1488 2176 1532 Instru-

1346 1546 1447 1572 mento
1450 1538 1541 1582 fabia
1555 1563 1565 1572 .

1207 1597 1273 1620 222
1302 1586 1486 1619 Dominium
1503 1595 1640 1620 remanet
1650 1584 1742 1633 penes
1757 1587 1896 1632 primum
1909 1586 2156 1631 emphyteutam
2166 1608 2178 1619 .

1207 1645 1248 1667 22
1254 1644 1270 1677 3
1299 1632 1436 1679 Qando
1458 1632 1577 1667 locator
1589 1632 1651 1676 sibi
1673 1632 1820 1675 reservat
1844 1644 1982 1667 annuam
2005 1630 2174 1678 praestatio·

1343 1690 1412 1714 nem
1423 1703 1431 1716 ,
1443 1686 1519 1714 tunc
1528 1680 1607 1714 utile
1620 1681 1792 1715 dominium
1803 1681 1887 1726 apud
1901 1679 2002 1725 ipsum
2013 1687 2150 1718 remanet
2163 1702 2175 1713 .

1206 1737 1275 1771 224
1298 1731 1337 1760 In
1358 1725 1631 1772 compensationem
1651 1728 1880 1762 laudemiorum
1896 1727 2072 1770 solvuntur
2086 1727 2180 1772 quin-

1348 1775 1459 1809 dennia
1473 1798 1482 1807 .
2110 1793 2115 1796 -

1201 1812 1224 1856 ⁴2
1231 1835 1248 1856 2
1255 1833 1270 1864 5
1299 1823 1470 1857 conductor
1479 1820 1566 1866 longi
1575 1822 1724 1868 temporis
1732 1847 1741 1861 ,
1756 1821 1900 1857 alienans
1909 1832 1968 1856 non
1983 1828 2106 1855 tenetur
2113 1819 2138 1862 s
2132 1818 2181 1855 ol-

1347 1880 1426 1903 vere
1435 1867 1628 1902 laudemium
1644 1894 1651 1901 .

1208 1920 1276 1952 226
1299 1923 1365 1952 Pro
1379 1917 1452 1950 aeta
1465 1915 1551 1950 nullo
1564 1927 1622 1949 non
1636 1914 1764 1951 debetur
1778 1916 1968 1950 laudeminm
1979 1939 1988 1948 .

1207 1976 1227 1999 2
1235 1975 1274 2008 ²7
1299 1970 1446 1999 Durante
1457 1961 1537 2005 caus
1533 1975 1552 1996 a
1561 1960 1755 2005 conceffionis
1767 1964 2036 2010 quindenniorum,
2047 1959 2178 1997 debetur

1301 2021 1426 2057 quoque
1435 2011 1600 2045 eorundem
1609 2011 1732 2046 exabtio
1743 2033 1752 2042 .

1207 2060 1275 2095 228
1301 2059 1371 2104 ,Qui
1385 2056 1464 2099 caus
1459 2067 1510 2092 am
1520 2057 1625 2091 damni
1637 2059 1693 2092 dat
1704 2081 1714 2096 ,
1725 2058 1875 2092 damnum
1884 2057 2026 2092 emendat
2041 2080 2050 2089 .

1207 2117 1276 2149 229
1301 2110 1427 2139 Annua
1435 2102 1535 2148 pensio
1546 2102 1675 2137 debetur
1684 2113 1742 2149 pro
1755 2106 1963 2147 recognitione
1971 2103 2102 2138 dominii
2116 2126 2127 2136 .

1206 2163 1276 2198 ²30
1300 2152 1451 2197 Reliquias
1468 2151 1600 2186 dominii
1607 2158 1765 2184 remanent
1776 2173 1786 2187 ‚
1813 2151 1937 2196 quando
1948 2161 1980 2183 m
1989 2148 2181 2195 subempby-

1346 2197 1424 2240 teufi
1435 2205 1628 2231 conventum
1637 2195 1687 2237 esi,
1701 2196 1782 2240 quod
1792 2198 1824 2230 in
1834 2196 1905 2237 casu
1917 2198 2117 2231 extinctionis
2129 2207 2179 2232 re·

1344 2253 1498 2280 vertatur
1508 2244 1548 2277 ad
1560 2244 1697 2286 primum
1709 2243 1952 2288 emphyteutam
1966 2267 1977 2276 .

1208 2305 1271 2338 231
1302 2292 1515 2337 Emphyteuta
1529 2298 1650 2325 tenetur
1662 2291 1702 2324 ad
1716 2291 1906 2335 quindennia
1920 2315 1929 2331 ‚
1950 2289 1980 2334 si
1990 2290 2113 2337 ailquid
2127 2288 2179 2324 ul-

1350 2336 1402 2374 tra*
1414 2338 1574 2380 reservet·

1211 2399 1277 2432 23²
1302 2393 1367 2423 Per
1377 2385 1595 2419 alienationem
1613 2383 1825 2430 emphyteuta
1850 2383 1956 2428 desinit
1975 2383 2032 2431 effe
2047 2383 2183 2430 Emphy-

1355 2440 1445 2468 teuta
1459 2455 1470 2465 .

1403 2526 1871 2563 CAPITULUM
1917 2527 1991 2562 LII.

1210 2624 1358 2702 CUm
1366 2621 1399 2657 in
1404 2619 1619 2667 superioribus
1627 2622 1783 2668 capitulis
1792 2620 1958 2667 egerimus
1965 2621 2006 2657 de
2015 2631 2089 2667 per-

1308 2669 1398 2706 sonis
1411 2693 1420 2707 ,
1445 2668 1497 2703 seu
1524 2668 1568 2702 de
1589 2672 1788 2714 corporibus
1802 2666 1955 2713 personas
1969 2680 2085 2714 reprae-

1209 2712 1418 2753 sentautibus
1432 2740 1442 2755 ,
1462 2715 1507 2750 ad
1517 2715 1799 2762 quindenniorutn
1811 2715 1990 2751 solutiones
2000 2713 2085 2749 obli-

1208 2765 1308 2804 gatis,
1321 2764 1356 2800 in
1373 2763 1514 2810 prasenti
1524 2763 1669 2809 capitulo
1681 2760 1741 2798 sese
1753 2761 1851 2798 offert
1866 2764 1957 2808 larga
1969 2761 2083 2796 melles

1215 2812 1338 2854 agendi
1354 2812 1396 2846 de
1406 2808 1553 2856 personis
1567 2833 1577 2848 ‚
1602 2810 1648 2844 ad
1658 2810 1862 2856 quindennia
1874 2821 1942 2843 uon
1953 2807 2088 2851 obliga·

1215 2857 1277 2898 tis,
1292 2863 1324 2894 δι
1338 2858 1381 2893 de
1394 2855 1541 2904 personis
1553 2855 1599 2891 ad
1609 2856 1817 2901 quindennia
1830 2855 1993 2900 obligatis
2008 2857 2088 2890 loco

1215 2915 1284 2940 non
1295 2906 1525 2950 obligatarum
1539 2927 1549 2938 .
1574 2903 1676 2938 Sicuti
1700 2904 1801 2952 igitur
1825 2901 2087 2952 frequentiffima

1215 2953 1261 2987 est
1276 2976 1285 2990 ‚
1307 2956 1340 2989 δε
1354 2950 1473 2998 paffirn
1487 2952 1520 2986 in
1542 2948 1619 2985 foro
1643 2949 1768 2985 versata
1783 2949 1925 2984 materia
1939 2950 2087 2983 lubloca-

1215 2999 1320 3034 tionis
1333 3000 1410 3035 teste
1423 3003 1551 3034 Carocc.
1562 2999 1600 3032 de
1608 2998 1703 3032 locat.
1715 2999 1759 3033 ύ-
1769 2998 1908 3031 conduci.
1918 2998 2007 3031 tit.de
2017 3007 2088 3030 con·
2115 3006 2131 3032 1

1212 3048 1340 3082 duetore
1351 3071 1359 3085 ‚
1373 3047 1398 3089 s
1393 3058 1430 3080 eu
1446 3047 1482 3080 de
1493 3044 1564 3091 jure
1576 3043 1761 3087 sublocandi
1773 3055 1838 3077 n.1.
1850 3043 1921 3077 ante
1931 3054 2022 3090 qu.1.
2034 3045 2086 3077 tit.

1211 3092 1471 3135 defublocatione
1483 3116 1492 3130 ,
1503 3092 1552 3126 ita
1563 3102 1630 3125 non
1643 3089 1754 3124 minus
1766 3088 1902 3124 forensis
1916 3093 1962 3125 est
1977 3099 2085 3124 mate-

1210 3141 1260 3174 ria
1275 3135 1692 3185 subemphyteuticationis
1705 3161 1714 3170 .
1745 3140 1812 3171 Pro
1828 3135 2086 3174 dicendorum-³
2113 3150 2133 3172 2

1210 3196 1326 3221 autem
1340 3184 1558 3230 intelligentia
1580 3183 1849 3228 praemittendum
1865 3185 2009 3219 arbitror
2023 3181 2088 3218 dls-

1210 3232 1308 3268 serere
1320 3258 1330 3272 ,
1345 3233 1430 3279 quid
1441 3233 1480 3265 lit
1494 3228 1859 3274 subemphyteuticatio
1870 3256 1879 3269 ,
1894 3228 1944 3266 seu
1959 3230 2088 3265 subam-

1211 3281 1433 3325 phyteulis,&
1447 3276 1623 3314 dico‚nihil
1638 3278 1732 3311 aliud
1747 3279 1820 3316 effe,
1832 3278 1892 3312 ulfi
1904 3289 2005 3313 conce
2014 3276 2087 3311 (fio-

1213 3338 1292 3361 nem
1309 3323 1542 3371 Emphyteufis
1556 3323 1600 3357 ab
1612 3323 1845 3369 Emphyteuta
1857 3323 1981 3359 fastam
1996 3322 2088 3358 favo·
2114 3334 2131 3368 3

1215 3384 1249 3408 te
1276 3373 1412 3408 alterius
1424 3397 1434 3412 ‚
1470 3368 1524 3405 seu
1548 3368 1834 3418 subemphyteutae
1858 3369 2092 3417 subingreffio-

1943 3428 2020 3455 nem
2032 3442 2042 3458 ,
