2295 3757
358 245 470 282 modo
498 244 649 283 occurrit
663 244 909 280 ostendendum
923 270 931 284 ‚
958 244 1052 291 quod
1079 242 1248 293 viceversa

359 293 558 330 Canonicus
571 293 793 338 quantumvis
806 304 873 326 nou
887 292 1069 327 ordinatus
1083 292 1115 326 iu
1134 292 1244 330 iactis,

361 342 472 388 sieque
497 353 565 376 non
589 340 719 375 vocalis
733 365 742 378 ,
765 340 879 375 adhuc
904 349 1054 374 teneatur
1077 350 1138 384 pro
1153 338 1240 374 virili

358 389 570 425 contribuere
585 388 630 422 ad
647 386 749 420 limile
766 385 1013 432 quiudennium
1030 411 1040 426 ,
1067 385 1239 422 firmando

355 437 390 473 in
407 436 556 483 praeseuti
575 460 584 475 ,
607 433 703 480 quod
718 432 916 468 Cauonicus
933 433 1086 468 noudum
1101 434 1237 468 ordina-

357 494 414 519 tus
429 485 461 519 in
477 482 572 517 sacris
586 505 594 519 ‚
612 487 642 515 &
656 482 836 526 tamquam
852 483 927 516 talis
944 506 953 517 2
974 491 1092 518 carens
1106 492 1186 516 voce
1199 483 1234 516 in

356 532 665 575 capitulo,rcnetur
694 527 916 563 nihilominus
928 540 988 573 pro
1000 526 1056 563 sua
1069 538 1143 564 rata
1154 540 1234 564 con-

358 579 502 613 tribuere
524 574 568 609 ad
594 573 844 621 quindennium
863 575 1017 611 Domino
1029 576 1158 611 directo
1174 576 1231 611 de-

356 625 464 660 bitum
480 624 498 657 ai
512 621 676 667 capitulo
700 621 743 656 de
760 621 977 668 Emphyteufi
1004 634 1060 669 per
1075 622 1165 658 idem
1183 623 1231 658 uti

357 682 495 708 mallum
512 679 684 704 mortuam
696 679 825 704 rCtClltss
839 695 848 709 ‚
863 669 985 706 codem
999 681 1143 716 namque
1156 682 1233 706 11'10-

359 721 408 754 do
423 742 433 757 ,
449 715 567 762 quoin
584 714 829 758 favorabilibus
842 717 1039 752 canonicus
1050 727 1232 763 quantum-

357 767 408 802 vis
422 776 490 799 non
506 764 685 799 ordinatus
702 763 736 798 in
751 762 848 799 sacris
863 789 871 802 ‚
885 776 1008 811 perque
1025 763 1231 812 consequens

313 825 329 851 1
358 826 426 848 non
441 811 594 847 obstante
605 809 735 846 deffectu
751 809 811 847 suae
826 812 919 847 vocis
933 812 966 846 in
982 812 1163 857 capitulo,
1180 812 1234 846 ni-

356 859 541 897 hilominus
553 858 613 893 fibi
624 858 771 903 acquirit
782 858 1028 906 quindenniurn
1041 872 1104 906 pro
1115 858 1170 895 sua
1180 870 1233 894 ra-

351 920 388 945 ta
403 909 444 943 de
460 905 680 951 Emphyteuli
695 906 714 940 εὶ
729 905 894 951 Capitulo
907 907 1002 942 alteri
1015 907 1130 942 manui
1142 918 1233 943 mor-

353 967 417 991 tuae
431 951 582 989 concefl‘a
594 977 604 992 ‚
632 955 773 999 qnando
786 954 867 989 illud
892 954 978 989 inter
993 955 1080 990 alios
1094 956 1230 990 Conca-

353 1002 498 1039 nonicos
509 1000 688 1036 ordinatos
701 1001 733 1035 in
749 1001 856 1037 Sacris
878 1003 1055 1047 repartitur
1068 1005 1166 1046 juxta
1181 1014 1230 1037 re-

353 1049 552 1086 solutionem
567 1047 609 1082 de
619 1058 711 1083 anno
729 1060 828 1092 ¹705·
849 1049 976 1085 editam
992 1051 1011 1084 a
1025 1052 1226 1096 Congrega-

352 1098 446 1134 tione
461 1095 655 1131 Particulari
669 1094 770 1130 trium
787 1095 995 1131 Eminentils.
1013 1100 1150 1133 Patrum
1166 1121 1175 1136 ‚
1191 1102 1225 1132 Sc

350 1144 454 1180 unius
483 1141 628 1177 Praesulis
641 1153 660 1177 a
683 1142 836 1178 Sanctil's.
853 1145 896 1178 D.
912 1145 958 1179 N.
972 1145 1144 1179 Clemente
1164 1148 1226 1179 Pa-

309 1205 328 1228 2
354 1204 399 1238 pa
409 1193 470 1226 XI.
481 1189 643 1235 gloriose,
654 1188 736 1236 quia
751 1192 949 1226 reluctanter
963 1190 1107 1230 sedente,
1122 1202 1226 1236 quem

350 1241 448 1274 Deus
471 1237 676 1272 incolumem
695 1234 796 1272 servet
820 1239 867 1272 ob
893 1249 1050 1284 urgentes
1076 1238 1226 1274 Ecclesiae

350 1284 587 1327 necessitates)
601 1284 634 1318 in
645 1281 754 1320 Causa
768 1285 929 1320 Romana
941 1288 1027 1320 inter
1040 1285 1226 1332 Archiprae-

307 1345 325 1381 3
351 1334 525 1379 sbyteruin
539 1333 702 1366 carolum
726 1331 1013 1367 Bartholomaeum
1032 1333 1226 1369 Pia-azam„

352 1383 371 1416 e*
388 1380 473 1415 vivis
488 1388 637 1423 ereptum
652 1380 700 1412 die
717 1389 770 1420 24.
783 1380 901 1414 Martii
918 1391 1019 1423 1713.
1030 1383 1062 1414 δε
1074 1380 1227 1416 Canoni-

347 1438 409 1464 cos
421 1454 430 1467 ‚
452 1437 492 1461 ac
506 1424 706 1469 Capitulum
721 1423 920 1470 collegiatae
934 1427 1083 1462 Eccleliae
1098 1432 1128 1463 S.
1144 1430 1220 1463 Ma-

346 1475 401 1512 riae
412 1474 445 1509 in
458 1470 641 1507 Cosmedin
653 1470 777 1507 Scholae
788 1473 912 1508 Graecae
925 1476 1029 1521 vulgo
1042 1476 1108 1511 alla
1122 1482 1221 1511 Bocca

347 1522 432 1559 della
446 1518 554 1554 verita*
568 1519 608 1553 de
624 1519 717 1554 Urbe
730 1544 740 1558 ‚
756 1522 852 1563 cujus
866 1521 1005 1567 quidem
1021 1524 1222 1570 cougrega-

347 1569 452 1606 tionis
463 1565 602 1601 semeria
620 1566 741 1612 legitur
764 1569 939 1612 registrata
953 1570 1109 1615 §.40.posi
1118 1573 1223 1606 arran.

346 1620 430 1653 inter
442 1616 590 1651 Doblores
600 1615 691 1649 litera
704 1619 773 1649 ΘΟ.
784 1615 886 1651 debet
899 1617 932 1651 in
941 1617 1226 1662 praejudicialibus

346 1663 451 1699 etiam
478 1674 546 1697 non
560 1660 740 1696 ordinatus
764 1662 798 1698 in
822 1664 928 1699 Sacris
941 1665 1152 1701 contribuere
1167 1666 1215 1701 ad

343 1709 596 1758 quindenniuln
613 1707 656 1744 de
671 1709 892 1756 Emphyteufi
904 1721 1032 1748 retenta
1045 1713 1064 1748 a
1076 1710 1133 1747 suo
1148 1713 1216 1749 ca·

344 1758 455 1806 pitulo
466 1783 474 1795 ,
490 1767 528 1791 ur
539 1756 716 1802 aequalitas
729 1782 737 1795 ,
765 1762 796 1792 ἃ
810 1758 939 1800 iustitia
953 1759 1166 1796 distributiva
1181 1760 1216 1795 in

342 1816 492 1851 utroque
504 1803 580 1839 casu
593 1802 757 1839 servetur:
782 1802 857 1840 sane*
871 1805 894 1840 li
908 1819 975 1842 non
990 1808 1165 1844 constituti
1178 1807 1215 1843 in

345 1853 444 1889 sactis
467 1864 536 1888 non
550 1861 740 1888 tenerentur
764 1850 886 1887 solvere
900 1856 1096 1898 portionem
1116 1855 1216 1903 q‘iin·

345 1899 548 1936 denniotum
563 1923 573 1938 ,
588 1897 777 1945 sequeretur
790 1899 969 1938 absurdum
987 1928 995 1942 ‚
1010 1902 1106 1950 quod
1117 1904 1218 1939 exient

344 1947 498 1983 melioris
507 1946 718 1982 conditionis
730 1971 740 1986 ,
763 1950 869 1994 qnam
884 1949 946 1984 sint
958 1950 1132 1997 digniores
1144 1976 1155 1991 ,
1180 1950 1218 1989 in

343 1993 631 2032 sacrisconstituti
645 2018 655 2033 ‚
680 1995 765 2030 alias
776 1996 797 2029 li
812 1994 883 2032 sola
896 1996 1089 2035 deficientia
1108 1997 1219 2034 sacro-

344 2054 423 2080 tum
437 2041 655 2081 Ordinum,&
668 2040 703 2076 in
713 2042 983 2089 consequentiam
999 2044 1144 2091 suffragii
1160 2043 1222 2082 suf-

348 2088 475 2135 fragari
502 2089 638 2138 deberet
660 2101 723 2135 pro
749 2102 818 2141 nou
842 2093 1042 2129 contributo
1063 2095 1106 2129 ad
1123 2093 1223 2140 quin-

349 2138 512 2173 dennium
525 2148 536 2176 ;
553 2137 588 2171 in
603 2136 756 2172 fraudem
768 2138 834 2175 ter-3
847 2151 967 2177 omnes
980 2166 991 2181 ‚
1011 2142 1061 2177 vel
1073 2140 1224 2176 saltem-³

348 2189 458 2234 plures
481 2184 650 2220 Canonici
669 2183 843 2222 differrent
856 2185 1024 2224 ascensum
1047 2193 1224 2224 Sacrorum

351 2232 523 2268 ordinum
534 2256 545 2270 ‚
560 2242 597 2266 ur
610 2233 630 2266 a
644 2232 842 2269 contributo
855 2235 1048 2279 hujusmodi
1060 2236 1224 2282 quinden-

351 2279 433 2314 niali
444 2278 804 2324 penitusliberarentur
817 2308 826 2322 ,
841 2284 933 2319 unde
946 2283 1121 2330 pauciores
1137 2294 1218 2319 con-

351 2324 492 2362 sultores
515 2325 655 2362 haberet
677 2328 876 2374 Capitulum
889 2355 899 2369 ,
922 2343 982 2367 nec
995 2331 1142 2375 negocia
1156 2332 1224 2366 Ca·

353 2373 510 2418 pitularia
532 2383 630 2410 tanta
643 2377 841 2413 maturitate
862 2377 910 2413 ob
931 2379 1119 2415 notabilem
1135 2375 1226 2415 defe-

353 2423 442 2455 ctum
455 2421 704 2467 capitularium
717 2424 849 2461 decerni
865 2426 993 2470 possent
1007 2452 1016 2466 ‚
1044 2426 1139 2474 quod
1157 2425 1224 2462 in.)

350 2468 539 2503 maximum
550 2468 793 2507 detrimentum
804 2472 1008 2509 redundaret
1023 2500 1031 2513 ‚
1055 2485 1095 2510 ac
1109 2473 1225 2520 proin-

354 2514 398 2549 de
411 2516 608 2551 evitandum
621 2541 631 2556 ,
655 2516 786 2564 hacque
801 2519 856 2555 via
870 2530 984 2556 totum
998 2532 1084 2556 onus
1099 2519 1226 2556 contri-

355 2561 478 2613 buendi
502 2563 788 2602 transfunderetur
798 2566 833 2602 in
856 2565 945 2605 solos
958 2568 1157 2604 canonicos
1170 2578 1225 2603 or-

355 2608 493 2643 dmatos
503 2635 513 2649 ‚
536 2612 677 2648 malitiis
689 2623 803 2650 autern
819 2613 1000 2651 homiuum
1013 2615 1227 2651 obviandum

355 2655 414 2695 est,
425 2667 484 2690 nec
494 2660 677 2695 commoda
692 2663 839 2702 tantum,
852 2660 905 2699 sed
918 2663 1023 2699 etiam
1033 2663 1228 2699 incommo-

350 2702 401 2738 da
414 2705 747 2748 proportionabiliter
760 2710 794 2744 in
805 2709 892 2745 iusta
907 2709 1059 2747 mensura
1071 2710 1230 2746 dividen-

354 2751 401 2785 da
416 2747 489 2803 sunt
502 2775 511 2790 ‚
525 2760 563 2785 ut
574 2763 674 2789 onera
686 2756 790 2792 levius
802 2755 950 2793 ferantur
966 2783 977 2798 ‚
1003 2759 1024 2793 si
1041 2758 1168 2805 insuper
1185 2756 1230 2793 ad

306 2807 331 2843 4
354 2796 598 2850 :requirentium
622 2801 868 2844 quindennium
891 2817 932 2842 ex
948 2804 1081 2850 sparfim
1096 2818 1153 2851 per
1165 2815 1232 2841 ¹108

355 2847 493 2880 traditis
515 2856 550 2879 m
560 2848 704 2893 praelenti
720 2852 870 2888 Trafflaru
884 2877 895 2893 ,
917 2852 1044 2889 sufficit
1059 2854 1164 2889 solum
1175 2854 1231 2897 jus

355 2892 520 2944 Canon-ire·
532 2917 542 2931 ‚
556 2904 616 2927 cur
627 2893 709 2929 illud
725 2895 830 2934 solum
842 2911 981 2948 quoque
1001 2913 1069 2937 nou
1083 2899 1229 2936 sufficiet

351 2939 397 2976 ad
410 2939 694 2976 contribuendum
708 2954 771 2988 pro
797 2947 1008 2991 quindennio
1022 2973 1032 2988 ,
1057 2950 1135 2984 cum
1157 2958 1227 2983 non

353 2988 519 3031 fitmajor
531 2987 666 3024 ratioin
680 3001 773 3031 uno,
793 2993 898 3037 quam
914 2995 948 3030 in
960 2996 1030 3031 alio
1052 2993 1128 3031 casu
1141 3021 1149 3035 ‚
1170 2992 1226 3030 sed

352 3035 476 3070 militet
490 3035 608 3071 eadem
624 3037 715 3073 ratio
728 3062 738 3078 ,
763 3039 874 3076 immo
886 3041 959 3077 tam
973 3042 1007 3078 in
1021 3041 1097 3078 casu
1111 3040 1228 3087 acqui-

352 3082 484 3118 sitionis
496 3107 506 3122 ,
531 3084 636 3129 quam
660 3086 923 3124 contributionis
946 3089 1142 3135 quindenuii
1153 3099 1226 3124 non

348 3129 527 3174 requiritur
542 3132 658 3177 aliqua
673 3143 742 3168 vox
755 3133 788 3169 in
803 3135 978 3182 Capitulo,
989 3135 1043 3172 sed
1054 3136 1075 3171 a
1087 3137 1155 3172 solo
1170 3139 1224 3180 ju-

348 3185 383 3209 re
393 3177 554 3212 Canoniae
569 3203 579 3218 ,
606 3177 659 3214 seu
679 3179 915 3218 canonicatus
928 3193 1065 3220 emanat
1081 3185 1154 3220 tam
1167 3194 1223 3219 ac-

347 3222 512 3272 quifitim
532 3226 638 3271 quam
660 3227 872 3266 contributio
886 3232 1017 3268 nullam
1031 3231 1225 3277 dependen-

346 3275 430 3303 tram
445 3269 574 3306 habens
586 3275 605 3307 a
621 3282 703 3309 voce
714 3300 726 3311 .

394 3316 555 3352 Proetetea
579 3330 768 3358 remanente
790 3323 949 3362 dominio
962 3326 1037 3364 utili
1048 3326 1221 3362 honorum

344 3360 687 3407 Emphyteuticorum
713 3371 816 3411 penes
853 3382 969 3408 totum
994 3374 1192 3418 Capitulum
1207 3397 1220 3411 ,

342 3408 441 3454 quoti
454 3409 698 3454 proculdubio
721 3418 942 3463 componitur
962 3420 1034 3459 tam
1048 3430 1089 3457 ex
1105 3420 1220 3461 Caum,

825 133 1082 196 Joanuis
1105 135 1319 216 Lopez
1357 130 1439 196 de
1461 135 1666 198 Leone
1683 147 1706 204 ,’

1307 246 1392 283 uicis
1406 245 1524 290 ordina
1532 246 1576 282 tis
1590 271 1599 286 ‚
1622 249 1727 292 quam
1741 255 1782 282 ex
1805 253 1872 283 non
1886 247 2055 286 ordinatis
2068 275 2077 291 ,
2099 251 2179 287 cum

1305 305 1377 330 tam
1391 293 1438 330 lstl
1455 320 1464 334 ‚
1477 296 1581 341 quam
1598 295 1641 329 illi
1653 320 1661 333 ‚
1674 294 1843 330 canonici
1859 296 1922 332 lint
1934 322 1944 337 ‚
1966 296 2178 346 proindeque

1302 344 1345 377 dc
1355 345 1400 376 Ca
1407 342 1515 388 pitulo
1527 367 1537 380 ,
1551 341 1636 378 bene
1649 340 1798 388 sequitur
1810 367 1819 382 ,
1830 343 1928 390 quod
1940 345 2046 381 etiam
2060 343 2179 380 Cauo-

1299 390 1363 424 niei
1379 402 1445 424 non
1459 389 1609 425 ordinati
1623 414 1631 429 ‚
1650 391 1829 437 tamquam
1839 391 1943 427 etiam
1958 392 2010 428 isti
2030 392 2176 430 Domini

1297 436 1395 472 utiles
1407 463 1416 477 ,
1444 441 1475 472 ἃ
1491 437 1760 484 coeniphyteutae
1775 463 1784 478 ,
1809 439 2020 475 contribuere
2043 449 2180 476 tenean-

1294 494 1348 519 tur·
1361 485 1404 519 ad
1418 485 1660 530 quimleniuum
1678 486 1815 520 ratione
1830 486 2042 522 condominii
2060 486 2150 522 utilis
2165 499 2176 528 ς

1292 533 1336 566 εΗ
1354 530 1483 577 iusuper
1503 542 1591 566 onus
1617 531 1760 567 infixum
1777 531 1877 568 bonis
1893 533 2148 580 capitularibus
2162 559 2172 575 ,

1293 581 1323 613 ἃ·
1338 579 1516 626 tamquam
1528 582 1593 614 talc
1608 580 1842 626 participabile
1853 582 2014 617 omnibus
2029 581 2172 627 Capitu-
2220 592 2238 629 ς

1292 626 1417 661 laribus
1429 652 1439 665 ,
1463 626 1548 660 inter
1566 637 1676 671 quos,
1696 637 1932 664 enumerantur
1944 639 2082 676 quoque
2096 640 2168 666 non

1289 673 1439 708 ordinati
1452 674 1487 708 iu
1500 674 1606 708 Sacris
1618 697 1628 707 .

1342 719 1420 754 Post
1436 721 1500 756 hoc
1515 725 1589 767 Cap.
1599 721 1838 758 collocandum
1852 731 1926 760 erat
1941 725 2173 770 Capaexxlx.

1291 766 1334 802 de
1348 767 1526 802 Canonico
1541 766 1614 802 voci
1633 765 1693 802 suae
1707 770 1936 811 renunciante,
1947 772 2106 816 obligato
2118 781 2171 808 ta-

1291 827 1369 849 men
1385 814 1428 849 ad
1442 814 1688 860 quindennium
1703 816 1931 854 contribuere,
1943 819 1997 856 red
2007 829 2063 864 pet
2075 829 2167 855 erro-

1291 873 1362 898 rem
1377 860 1440 897 fuit
1455 862 1504 898 ibi
1520 863 1727 898 collocatum
1739 887 1751 898 .

1385 981 2170 1035 ARGUMENTUM.

1284 1099 1454 1137 canonici
1485 1097 1764 1145 supranumerarii
1788 1110 1942 1138 tenentur
1974 1102 2186 1140 contribuere
2213 1102 2261 1140 ad

1332 1148 1576 1194 quindennium
1589 1147 1630 1183 de
1646 1148 1864 1195 Emphyteufi
1880 1160 1935 1195 per
1958 1150 2158 1197 Capitulum
2174 1159 2264 1189 tam-

1331 1196 1440 1242 quam
1457 1205 1597 1231 manum
1613 1205 1786 1233 mortuam
1798 1195 1935 1243 pofl'efl'a
1947 1222 1957 1232 .

1513 1291 2026 1330 SUMMARIUM.

1337 1398 1353 1422 1
1382 1387 1528 1441 canonici
1545 1386 1820 1433 supranumerarii
1840 1389 2035 1436 participant
2062 1389 2100 1425 de
2112 1389 2264 1439 quinden-

1423 1445 1506 1468 mes.

1327 1494 1347 1517 2
1374 1480 1443 1526 Qc‘
1448 1480 1545 1522 sentit
1555 1482 1762 1522 commodum,
1768 1481 1884 1525 sentire
1907 1481 1996 1521 debet
2009 1486 2237 1523 incommodum
2256 1506 2268 1519 ·

1412 1574 1882 1611 CAPITUL-UM
1943 1579 2048 1615 CXL.

1318 1671 1405 1707 Nrer
1417 1668 1615 1706 canonicos
1637 1669 1848 1706 numerarios
1865 1696 1874 1706 .
1900 1675 1934 1709 &
1953 1672 2170 1718 supranume-

1331 1721 1440 1754 rarios
1453 1717 1580 1763 stinper
1595 1718 1829 1764 utplurimum
1844 1722 2086 1758 contentiones
2097 1722 2172 1758 ori-

1276 1765 1304 1800 ri
1316 1762 1422 1802 solent
1433 1765 1536 1801 etiam
1550 1764 1583 1800 in
1598 1766 1741 1802 materia
1773 1762 1895 1803 bursali
1911 1791 1922 1808 ,
1951 1772 1986 1804 &
2000 1769 2171 1814 quinden·

1276 1812 1358 1850 nia¹i
1371 1812 1502 1859 passiva
1517 1838 1527 1852 ,
1553 1812 1632 1847 curn
1652 1818 1803 1849 naturale
1817 1813 1857 1850 fit
1871 1840 1880 1855 ,
1905 1826 2044 1851 omnem
2062 1827 2169 1852 cona·

1276 1870 1350 1897 tum
1367 1859 1473 1897 facere
1487 1859 1531 1896 ad
1549 1857 1579 1895 se
1600 1859 1862 1902 retrahendum,
1889 1865 1922 1897 δε
1946 1862 2168 1900 liberandum

1275 1908 1412 1956 penitus
1426 1908 1446 1944 a
1460 1905 1626 1943 solutione
1639 1907 1743 1943 etiam
1760 1919 1824 1953 pro
1839 1918 1933 1954 parte
1947 1908 2004 1945 sua
2016 1934 2027 1949 ‚
2042 1909 2062 1946 e*
2080 1921 2168 1947 con-

1276 1957 1330 1992 tra
1343 1957 1423 1992 vero
1437 1956 1522 1991 rotis
1544 1953 1669 1990 viribus
1682 1953 1888 2000 praetendere
1902 1953 2109 1993 solutionem
2124 1957 2166 1994 fi-

1279 2004 1316 2040 bi
1327 2003 1397 2040 fieri
1410 2015 1472 2050 pro
1484 2012 1577 2050 parte
1588 2001 1644 2038 sua
1657 2015 1668 2042 i
1679 2001 1785 2039 Unde
1800 2002 1956 2040 firmatur
1970 2003 2006 2040 in
2023 2004 2163 2051 praesen-

1279 2052 1320 2092 ti,
1330 2049 1428 2099 quod
1443 2050 1612 2088 canonici
1624 2048 1900 2096 suprannmerarii
1920 2061 2073 2089 tenentur
2085 2063 2171 2089 con-

1280 2100 1424 2136 tribuere
1449 2098 1492 2135 ad
1515 2097 1765 2144 quindennium
1790 2097 1836 2134 de
1866 2098 2086 2145 Emphyteufi
2111 2109 2170 2146 per

1283 2147 1484 2193 Capitulum
1510 2145 1690 2191 tanquam
1703 2156 1843 2181 manum
1859 2155 2032 2181 mortuam
2045 2143 2172 2193 pofl'es-

1284 2194 1327 2236 sa,
1341 2193 1484 2240 aequitas
1495 2202 1641 2237 namque
1657 2190 1783 2231 suadet,
1794 2191 1893 2239 quod
1907 2191 1952 2228 ad
1965 2190 2170 2230 servandam

1283 2240 1516 2290 :equalitatem
1540 2239 1693 2274 maxime*
1711 2239 1796 2276 inter
1822 2239 2074 2276 ecclesiasticos
2086 2251 2171 2276 exo-

1282 2300 1417 2338 ptatam
1433 2286 1511 2334 ,qui
1525 2286 1621 2322 sentit
1635 2286 1862 2322 commodum
1883 2286 2173 2333 inparticipatio-

1282 2350 1324 2374 ne
1352 2334 1554 2384 quindennii
1574 2333 1678 2371 activi
1704 2333 1871 2381 capitulo
1891 2333 1999 2370 debiti
2010 2346 2076 2381 pto
2090 2335 2174 2369 Em-

1282 2385 1436 2432 phyteuii
1452 2394 1510 2429 per
1526 2382 1630 2419 aliam
1657 2392 1798 2418 manum
1815 2391 1988 2417 mortuam
2001 2390 2170 2417 retenta.»

1281 2433 1413 2479 (quales
1425 2429 1498 2466 sunt
1506 2428 1673 2465 Canonici
1685 2428 1963 2475 snprauumerarii
1974 2439 2016 2466 ex
2026 2439 2084 2476 per
2100 2438 2166 2465 nos
2191 2443 2208 2469 ι

1282 2479 1439 2515 detinetis
1453 2479 1487 2513 in
1501 2478 1806 2524 Cap.LXXXVIII·
1823 2475 1943 2512 sentiat
1958 2476 1994 2512 in
2007 2487 2164 2513 commo·
2187 2491 2209 2515 2

1283 2527 1367 2562 dum
1378 2528 1414 2561 in
1425 2524 1678 2561 contributione
1688 2523 1886 2571 quindennii
1898 2523 2020 2571 paffivi
2030 2535 2087 2570 per
2098 2522 2166 2559 Ca-

1286 2574 1431 2618 pitulum
1446 2571 1567 2619 nempe
1587 2571 1690 2606 debiti
1705 2582 1768 2617 pro
1795 2569 2013 2618 Emphyteufi
2039 2582 2098 2616 per
2110 2568 2164 2616 ip-

1285 2620 1357 2659 sum
1370 2621 1548 2668 tamquam
1562 2630 1703 2656 manum
1718 2626 1893 2656 mortuam
1905 2627 2037 2656 retenta
2050 2643 2066 2655 a

1362 2736 2190 2790 ARGUMENTUM.

1289 2858 1444 2908 Quando
1470 2857 1637 2895 canonici
1660 2855 1789 2894 habent
1813 2854 2030 2908 particulares
2042 2877 2054 2894 ,
2081 2852 2134 2909 seu
2146 2855 2267 2895 distin-

1334 2909 1407 2943 &as
1422 2906 1620 2942 Prae'ocndas
1633 2929 1644 2946 ‚
1657 2903 1710 2940 seu
1727 2912 1910 2950 proventus
1921 2902 2052 2936 realiter
2064 2902 2259 2946 difflueres,

1332 2955 1356 2990 fi
1368 2954 1402 2989 iu
1433 2952 1615 2989 Praebenda
1638 2952 1782 2996 alicujus
1808 2961 1850 2985 ex
1863 2946 2053 2990 huiusmodi
2071 2950 2260 2987 canonicis

1333 3003 1517 3048 reperiatur
1531 2999 1693 3045 praedium
1705 2993 2007 3043 emphyteuticum,
2019 2995 2075 3031 iile
2089 2993 2178 3034 solus
2193 2999 2262 3034 Ca-

1332 3047 1490 3087 nonicus,
1502 3049 1602 3091 qu'us
1616 3043 1800 3082 Praebendae
1814 3041 1860 3077 est
1873 3053 2024 3077 annexus
2037 3041 2164 3082 fundus
2180 3046 2263 3080 Em-

1331 3095 1551 3144 phyteuticus
1563 3119 1575 3135 ,
1589 3101 1717 3129 tenetur
1729 3087 1853 3124 solvere
1867 3088 2117 3134 quindennium
2131 3090 2260 3129 Domi-

1328 3156 1375 3180 no
1387 3143 1517 3179 <neem
1531 3165 1542 3180 ,
1571 3136 1682 3176 caeteri
1705 3145 1820 3173 autem
1849 3137 2085 3179 concanonici
2097 3138 2135 3178 in
2152 3138 2261 3177 nihilo

1329 3190 1457 3230 debtnt
1470 3185 1679 3226 contribuere
1693 3206 1705 3219 .

1519 3278 2029 3319 SUMMARIUM.

1329 3389 1345 3415 ι
1371 3373 1521 3469 suffimen?
1543 3373 1702 3412 nonnullis
1723 3374 1868 3422 Ecclefir's
1888 3371 1988 3422 adeffe
2017 3372 2194 3414 vraebendae
2207 3376 2256 3413 di-

1447 3434 1478 3460 m
1510 3432 1558 3460 αι

2105 3480 2126 3510 2
2151 3475 2211 3511 ER
