2295 3757
269 134 392 217 584

315 245 1009 281 SUMMARIUM.

221 352 232 374 1
262 340 500 382 Quindcnnium
523 338 652 375 debetur
675 351 715 374 cx
737 335 925 382 emphyteusi
946 338 978 371 in
992 347 1143 373 manum·

314 396 469 421 mortuam
487 387 645 421 translata
662 411 671 419 .

218 447 236 468 2
262 436 465 474 IrrComitatu
491 431 664 475 t'cnaz‘ffino
684 432 795 474 adsunt
809 436 893 466 Bona
912 433 1047 477 triplicis
1067 432 1142 477 spe-

318 493 375 516 ciei
387 506 396 515 .

224 539 239 572 3
269 530 474 565 Laudcmium
486 539 543 561 non
556 524 684 559 debetur
695 527 874 560 immediato
886 528 1017 561 Domino
1024 524 1147 569 sabem-

313 574 541 620 physe—uticona
555 597 563 610 ,
579 573 632 613 scd
655 574 791 607 mediato
816 574 949 608 Domino
969 574 1145 621 superiori,

319 618 484 666 quana'ofi!
493 618 831 664 subcmpbyteuticatio
839 645 848 654 .

221 680 245 711 4
271 670 385 703 Raroni
408 667 467 700 loci
499 664 627 700 habenti
660 665 727 701 ta‘m
746 669 898 702 dircnum
928 669 1112 711 universale
1132 691 1143 707 ,

316 711 410 760 qutim
427 710 671 757 jurisdit'lionalc
682 715 850 748 dominium
875 713 1025 749 debentur
1050 716 1146 759 quin-

313 761 422 795 dennia
436 783 445 796 ,
471 761 529 794 vel
539 760 608 794 alia·
622 759 824 806 responsiones
835 770 891 806 pro
904 761 1035 804 transitu
1052 761 1145 798 bono-

312 818 384 842 rum
401 808 441 841 ad
452 818 580 842 manum
590 816 745 842 mortuam
757 832 765 841 .

222 869 236 900 5
265 860 350 890 Bona
363 853 702 897 praesumunturlibera
718 855 810 900 juxta
820 857 1014 902 primaevum
1023 867 1145 895 naturae

303 901 422 944 statum
436 925 446 936 .

335 995 478 1031 Ecundo
499 995 532 1030 in
557 998 746 1033 exclusione
774 997 833 1033 alti
858 999 1003 1035 dominii
1028 1000 1145 1037 direffl

343 1042 534 1078 universalis
560 1044 729 1090 conspirat
754 1056 793 1080 ea
812 1045 1040 1083 efficacissima
1063 1061 1147 1093 pon-

270 1089 406 1126 deratio
420 1115 428 1128 ‚
443 1091 540 1136 quod
553 1094 661 1136 plnres
675 1092 834 1133 Ecclefiae,
850 1097 882 1128 &
898 1095 1147 1141 Religiosorum

223 1152 240 1176 1
269 1137 472 1173 Monasteria
488 1138 546 1173 lita
559 1139 592 1174 in
606 1140 727 1175 eodem
739 1141 919 1176 Tetricorio
929 1167 938 1181 ,
963 1145 1088 1179 nullam
1101 1155 1149 1178 re-

267 1185 481 1232 sponsionem
495 1183 624 1222 solvant
637 1187 761 1222 Baroni
774 1212 782 1226 ‚
794 1187 967 1234 minusque
983 1191 1148 1237 quinden-

265 1232 323 1268 nia
338 1256 348 1272 ‚
361 1244 434 1278 quae
452 1234 530 1267 loco
545 1234 704 1268 laudemii
719 1233 881 1271 debentur
894 1237 1046 1272 Domino
1061 1237 1148 1272 dire·

266 1281 324 1314 eto
336 1304 344 1318 ‚
359 1279 502 1325 quando
516 1290 567 1314 res
580 1281 832 1326 emphyteutica
848 1283 1032 1325 poffidetur
1045 1308 1055 1322 ,
1079 1283 1146 1318 five*

268 1325 423 1361 transivit
439 1326 470 1360 in
484 1338 606 1362 manus
630 1339 786 1364 mortuas
797 1356 806 1370 ,
832 1330 902 1364 late
925 1333 1148 1376 madet-474·

267 1376 311 1410 ίαν
324 1382 629 1419 494.par.9.rccent.

316 1421 519 1454 Nullatenus
532 1421 698 1456 resistente
726 1422 969 1466 ponderatione
985 1426 1073 1461 faeta
1090 1437 1147 1469 per

267 1467 449 1501 scribentes
461 1479 523 1510 pro
539 1468 631 1502 Duce
642 1492 652 1506 ‚
683 1470 780 1514 quod
795 1480 926 1506 attenta
941 1473 1062 1519 triplici
1078 1473 1149 1518 spe·

266 1514 314 1549 cie
329 1513 497 1548 bonorum
514 1513 645 1559 vigente
673 1515 705 1550 in
723 1517 904 1554 Comitatu
930 1520 1148 1560 Venaiffino,

267 1560 311 1596 de
325 1570 393 1606 qua
406 1559 562 1596 meminit
576 1564 1146 1610 Tondut.qu.civ.41.num.22.lib.1.

269 1607 395 1642 etiamsi
410 1608 538 1658 constet
553 1620 592 1643 ex
608 1610 779 1653 praemiffis
794 1612 835 1646 de
850 1615 1002 1655 pluribus
1022 1614 1146 1649 aliena-

266 1654 418 1690 tionibus
432 1657 461 1690 ta
468 1654 530 1689 etis
541 1667 619 1690 cum
635 1655 858 1695 reservatione
869 1660 1015 1696 dominii
1026 1661 1061 1697 di
1067 1661 1147 1697 teeti

267 1700 381 1736 favore
393 1700 598 1738 diversarum
626 1702 841 1748 personarum
865 1708 1120 1753 particularium
1135 1733 1145 1748 ,

266 1760 328 1783 nec
339 1760 406 1783 non
421 1748 463 1783 de
477 1744 640 1786 solutione
656 1752 904 1790 laudemiornm
918 1780 927 1794 ,
943 1767 981 1790 ac
996 1756 1142 1801 denega-

265 1796 357 1830 tione
369 1795 827 1847 quindeni]iorum‚attamen
840 1800 908 1836 haec
920 1806 1035 1838 omnia
1047 1815 1140 1838 com-

264 1841 450 1888 patibinter
467 1845 494 1877 le
510 1843 633 1879 habent
649 1857 727 1883 cum
740 1847 895 1883 dominio
910 1851 981 1885 alto
997 1851 1140 1891 direew,

267 1894 300 1924 δι
316 1888 489 1926 universali
515 1901 729 1937 competente
745 1895 870 1930 Baroni
881 1921 891 1934 ‚
915 1897 992 1932 cum
1006 1899 1061 1933 illa
1077 1898 1143 1931 do-

265 1936 374 1972 minia
387 1936 515 1973 diretta
526 1938 671 1984 expreffa
685 1940 719 1975 in
734 1941 847 1976 relatis
861 1944 990 1980 astibus
1014 1943 1144 1980 exhibi-

266 1984 312 2019 tis
328 1995 384 2030 per
397 1985 691 2021 Communitatem
708 1987 770 2023 lint
781 1987 965 2027 subalterna
992 1991 1143 2028 adinstar

263 2029 552 2079 subemphytcusis
565 2057 574 2072 ,
588 2036 621 2067 δι
636 2036 733 2076 juxta
752 2046 853 2072 unam
868 2036 1008 2083 speciem
1033 2039 1145 2074 bono-

262 2090 339 2114 rum
353 2090 394 2114 ex
406 2079 513 2115 tribus
532 2080 644 2116 relatis
667 2093 726 2128 per
739 2085 871 2119 Tondut.
889 2096 962 2132 quae
984 2085 1143 2122 dicuntur

261 2124 377 2162 franca
390 2151 399 2161 .

310 2173 488 2216 Quoniam
499 2172 641 2211 admissa
651 2176 757 2212 etiam
777 2177 840 2214 hac
851 2177 871 2213 s
866 2179 955 2225 pecie
968 2181 1142 2217 bonorum

222 1485 241 1506 u

221 2236 236 2269 u>

269 2268 636 2313 emphyteuticationes
651 2296 660 2310 ‚
685 2270 735 2306 seu
748 2270 936 2310 subalterna
961 2274 1120 2310 dominia
1135 2299 1145 2315 ,

267 2318 312 2351 est
324 2327 464 2367 certum,
478 2317 575 2361 quod
587 2317 628 2352 de
645 2320 716 2360 jure
731 2330 929 2356 occurrente
940 2321 1146 2357 alienatione

267 2363 421 2398 similium
434 2364 601 2399 bonorum
632 2366 799 2401 laudemia
815 2379 882 2402 non
897 2368 1061 2404 debentur
1080 2369 1144 2404 im-

265 2411 415 2447 mediato
428 2412 582 2446 Domino
596 2411 724 2448 direeto
745 2412 1116 2461 subemphyteuticanti
1130 2439 1141 2454 ,

269 2457 322 2491 scd
346 2458 510 2503 pertinent
522 2459 566 2492 ad
582 2460 773 2494 Dominum
802 2461 965 2498 direc‘him
996 2460 1143 2508 superio-

267 2516 337 2538 rem
349 2528 357 2541 ,
383 2515 418 2538 ut
430 2504 667 2549 magistraliter
677 2507 872 2544 examinato
884 2511 1028 2545 articulo
1050 2509 1143 2544 dixit

267 2553 520 2598 Rot.dec.40.per
531 2555 855 2599 tot.par.7.rec.quod
867 2557 944 2591 cum
959 2568 1026 2590 non
1041 2555 1140 2590 fuerit

267 2597 409 2632 solutum
421 2597 512 2632 dieto
526 2600 649 2634 Baroni
665 2601 819 2639 Domino
837 2603 1005 2646 Superiori
1021 2627 1032 2642 ‚
1045 2602 1139 2637 exin-

266 2645 312 2679 de'
326 2645 436 2695 palum
451 2643 507 2682 fit,
526 2647 622 2691 qnod
639 2647 672 2681 in
688 2648 873 2682 Terrirorio
899 2649 1009 2684 castri
1028 2647 1136 2683 Thoti

267 2691 341 2725 vere
353 2690 462 2740 adnnt
473 2690 561 2726 bona
575 2693 676 2729 libera
689 2719 698 2732 ‚
724 2699 756 2729 &
772 2695 942 2730 allodialia
955 2720 964 2734 ,
991 2707 1139 2742 quorum

264 2736 423 2772 Poffellor
436 2739 456 2770 a
469 2739 596 2772 nemine
604 2740 672 2775 alio
684 2740 739 2777 illa
751 2741 961 2788 recognoscit
976 2768 985 2781 ,
1009 2752 1143 2788 praeter-

264 2785 371 2830 quain
388 2785 407 2818 a
419 2785 496 2818 Deo
509 2786 662 2821 omnium
673 2787 842 2824 bonorum
860 2790 1041 2825 liberorum
1055 2814 1065 2828 ‚
1087 2787 1142 2824 seu

265 2831 476 2869 allodialium
494 2854 504 2868 ‚
515 2831 602 2865 adeo
623 2841 659 2866 ut
685 2835 807 2869 Baroni
832 2837 908 2871 vere*
933 2845 1140 2882 competeret

264 2883 372 2913 altum
387 2876 577 2912 dominium
598 2877 762 2914 dii-cetum
786 2882 968 2918 universale
991 2885 1062 2927 jure
1075 2881 1141 2928 pri-

266 2937 349 2960 vato
363 2949 370 2962 ,
396 2924 437 2960 ad
450 2922 672 2958 differentiam
688 2927 821 2961 alterius
836 2929 982 2965 dominii
1008 2928 1141 2972 jurisdi-

268 2972 442 3009 stimans,
469 2972 583 3017 utique
602 2972 772 3012 Ecclefiae,
794 2978 827 3008 ὃ(
856 2975 1141 3020 Religiosorum

264 3017 466 3054 Monastetia
479 3018 634 3052 deberent
647 3018 692 3054 illi
709 3017 833 3055 solvere
846 3044 855 3058 ,
870 3024 918 3055 vel
933 3022 1028 3057 dieta
1043 3022 1141 3069 quin-

266 3065 407 3104 dennia,
425 3065 473 3099 vel
485 3064 634 3109 aliquam
647 3064 750 3100 aliam
768 3067 1035 3112 recognitionem
1047 3095 1056 3109 ,
1078 3078 1139 3103 nec

267 3114 396 3156 pollent
411 3113 509 3146 ullam
535 3113 677 3156 allegare
701 3113 948 3158 exemptionem
961 3140 969 3153 ‚
993 3125 1030 3149 ut
1060 3126 1141 3150 con-

269 3169 419 3192 currente
450 3167 592 3204 utroque
609 3159 768 3194 dominio
791 3161 823 3194 in
838 3161 976 3205 persona
996 3163 1139 3199 Batonis

269 3206 335 3241 late
351 3204 454 3238 tradit
479 3208 568 3240 eard.
583 3208 618 3240 de
632 3211 721 3241 Luca
732 3208 898 3251 miscellan.
913 3209 1143 3253 Eccles.disc.7.

270 3260 323 3295 per
337 3259 393 3284 tot.
998 3293 1001 3295 .

342 3297 508 3346 (feet-:rum
544 3310 605 3347 pro
643 3300 804 3335 coronide
828 3301 1141 3340 animadvertebant

220 3354 243 3388 4
269 3340 462 3376 DD.1nli.1c
476 3348 572 3393 caula
585 3370 593 3382 ,
605 3347 699 3389 quod
721 3347 798 3381 licet
812 3346 931 3382 fuerint
946 3351 1084 3385 adduffl
1100 3363 1140 3386 ex

274 3399 365 3435 parte
378 3389 517 3423 Batonis
531 3392 641 3432 plures
657 3393 761 3432 actus,
773 3406 810 3428 ex
823 3395 946 3437 quibus
963 3396 1140 3433 elicieban-

692 130 1042 197 Decifiones
1061 128 1188 194 Sao.
1205 123 1517 193 Romanae
1535 124 1730 194 Rotae

1202 252 1257 277 tur
1273 247 1490 283 argumenta,
1522 243 1555 274 δι
1573 239 1700 275 indicIa
1713 239 1758 275 ad
1770 238 1981 276 suadendum
2003 251 2082 286 prae-

1202 287 1329 324 tensum
1342 284 1531 322 dominium
1546 287 1710 323 direRum
1725 285 1916 328 universale,
1929 297 2081 324 attamen

1201 333 1447 371 concurrebant
1476 345 1613 380 quoque
1642 346 1681 369 ex
1693 344 1789 381 parte
1814 334 2085 370 communitatis

1202 380 1410 427 urgentiores
1432 382 1652 425 probationes
1674 393 1736 427 pro
1761 382 1821 417 illo
1840 382 2054 418 excludendo
2075 406 2086 421 ,

1200 440 1270 473 quo
1285 425 1356 462 casu
1374 427 1498 472 semper
1511 429 1544 463 in
1559 429 1748 472 judicando
1762 428 1946 464 favendum
1962 429 2007 464 est
2023 428 2088 464 reis

1207 474 1433 513 conventis‚&
1450 474 1697 511 vindicantibus
1714 477 1899 512 libertatem
1913 478 2083 510 bonorum

1211 523 1305 558 iuxta
1319 523 1512 568 primaevum
1531 531 1655 558 natura:
1669 524 1793 558 statum
1808 534 1862 566 per
1876 532 1956 559 text.
1969 525 2002 557 in
2013 523 2089 567 lfa-

1208 568 1505 614 'z'orabilioresffdc
1519 580 1583 614 reg.
1588 569 1652 615 jur.
1664 581 1773 616 cap-cx
1789 572 1892 605 literis
1903 574 1940 607 de
1950 568 2041 612 prob.
2051 573 2085 605 δε
2111 581 2128 614 5

1207 616 1241 651 in
1266 617 1386 652 nostris
1413 615 1566 650 terminis
1591 616 1659 651 late
1685 618 1824 654 tradunt
1839 644 1848 657 ,
1874 617 2086 654 Menochdic.

1207 664 1660 706 confi295‚undosum-conl.
1670 676 1681 698 1
1691 676 1795 710 35-71-11
1805 678 1858 700 22.
1871 666 1969 708 usque
1983 662 2087 706 adfin.

1205 722 1276 744 cum
1287 711 1363 745 aliis
1375 711 1591 744 concord-‘imin
1603 715 1743 752 Romana
1758 714 1827 755 ‚seu
1841 717 1871 747 V
1872 714 2002 748 elicerna
2014 716 2085 752 [uc-

1204 755 1341 800 ceffionis
1357 757 1497 803 9 Junii
1516 760 1616 799 1698.
1631 760 1743 800 §·'N‹m
1755 760 1859 795 minus
1870 772 1932 796 cor.
1947 767 1987 804 R.
1998 760 2091 794 ‘RD-

1203 814 1268 838 meo
1282 805 1317 839 de
1331 809 1356 838 Τ
1357 804 1496 839 remoillc
1508 829 1517 839 .

264 2220 457 2257 francorum
473 2247 481 2260 ,
503 2225 535 2256 δε
551 2223 584 2257 in
602 2223 725 2270 quibus
743 2224 905 2261 verificari
919 2227 1054 2274 pofl‘unt
1069 2227 1144 2263 sub·
1190 2248 1198 2254 -

1252 852 1296 885 Et
1311 851 1360 887 ita
1374 860 1516 896 utraque
1531 853 1631 888 Parte
1645 851 1766 888 audita
1777 852 1957 890 resolutum
1972 851 2038 890 fuit
2051 877 2063 888 .

1363 946 1780 982 DECISIO
1840 950 2038 985 XVIII.

1211 1045 1337 1091 Rn'io
1377 1045 1424 1090 P.
1453 1046 1514 1090 D.
1533 1043 1822 1090 MOLINES
1867 1045 2145 1093 DECANO
2163 1077 2177 1091 .

1443 1139 1607 1174 Romana
1624 1137 1921 1187 Qindenniorum
1935 1164 1946 1175 .

1497 1239 1669 1278 Vener.13.
1683 1233 1767 1269 Maii
1785 1245 1889 1278 1701.

1400 1335 1441 1365 A
1469 1335 1495 1373 R
1522 1333 1550 1363 G
1574 1333 1608 1362 v
1632 1333 1673 1363 M
1697 1335 1724 1364 E
1749 1332 1789 1372 Ν
1812 1331 1839 1364 Τ
1861 1335 1896 1364 v
1923 1335 1964 1365 M
1979 1355 1990 1365 .

1258 1423 1478 1469 Qndennia
1490 1422 1688 1459 calculanda
1703 1420 1776 1457 sunt
1787 1421 1882 1457 iuxta
1895 1424 2082 1459 valorem-2

1208 1467 1315 1503 status
1336 1471 1467 1514 antiqui
1479 1470 1521 1504 de
1531 1480 1682 1514 tempore
1693 1481 1777 1515 ‚quo
1789 1469 2014 1515 emphyteusis
2025 1471 2084 1505 de-

1209 1515 1302 1550 venit
1314 1516 1359 1551 ad
1372 1527 1494 1551 manus
1506 1525 1658 1549 mortuas
1671 1539 1680 1553 ,
1710 1527 1777 1550 non
1788 1526 1900 1550 autem
1916 1516 2010 1552 iuxta
2024 1528 2082 1553 va·

1206 1564 1312 1597 lorem
1328 1563 1432 1598 status
1447 1560 1610 1607 praesentis
1621 1585 1630 1600 ‚
1643 1573 1712 1607 quo
1724 1561 1818 1595 fundi
1833 1561 2010 1600 aestimatio
2023 1575 2081 1600 au-

1207 1610 1261 1646 eia
1275 1610 1315 1645 fit
1329 1611 1376 1647 ob
1388 1609 1582 1657 superventa
1594 1610 1850 1645 melioramenta
1862 1633 1872 1643 .

1441 1704 1954 1741 SUMMARIUM.

1252 1810 1268 1835 1
1297 1799 1515 1847 Empbyteufis
1526 1801 1654 1846 transire
1664 1801 1775 1844 nequit
1785 1801 1818 1835 in
1828 1809 1957 1834 manum
1969 1807 2127 1837 mortuam
2137 1801 2178 1838 ob

1342 1857 1404 1894 prae
1408 1847 1564 1893 judicium
1579 1850 1706 1885 Domini
1715 1849 1825 1885 diretta·
1845 1857 1886 1881 ex
1896 1844 2176 1893 impoffibilitateh

1343 1896 1559 1930 devolutionis
1581 1908 1621 1930 ex
1634 1896 1716 1930 linea
1724 1894 1817 1937 finita
1836 1918 1846 1933 ‚
1874 1896 1916 1929 (φ
1940 1906 1982 1929 ex
1995 1894 2179 1939 difficultate

1342 1942 1503 1976 alienandi
1515 1967 1522 1979 ,
1529 1941 1636 1989 sicque
1648 1954 1687 1978 ex
1701 1940 1861 1987 cessatione
1873 1941 2103 1978 laudemiorum
2119 1967 2130 1977 .

1251 2000 1270 2024 2
1297 1993 1350 2024 Ex
1357 1989 1502 2034 generali
1510 1991 1728 2034 consuetudine
1736 2000 1849 2024 manus
1860 1997 1988 2024 mortua
2000 2012 2008 2026 ‚
2032 1989 2065 2023 in
2079 1999 2178 2036 quam

1343 2036 1545 2082 emphyteusis
1559 2039 1688 2072 devenit
1700 2061 1708 2075 ,
1722 2045 1844 2072 tenetur
1857 2034 1941 2070 intrd
1955 2046 2073 2071 annum
2084 2059 2094 2074 ,
2116 2037 2177 2072 vel

1342 2081 1500 2118 biennium
1510 2082 1531 2117 a*
1548 2084 1569 2125 s
1567 2096 1581 2117 e
1590 2095 1751 2119 evacuare
1760 2082 1975 2129 emphyteusim
1985 2106 1996 2121 ‚
2022 2082 2177 2129 illamque

1342 2138 1455 2176 ponere
1466 2131 1496 2163 in
1506 2131 1651 2176 personas
1662 2133 1818 2176 privatas
1835 2152 1845 2162 .
2013 2147 2015 2150 ·

1254 2188 1270 2223 3
1300 2182 1424 2214 Manus
1432 2185 1556 2212 mortua
1571 2179 1700 2211 retinere
1711 2177 1824 2212 volens
1835 2173 2054 2222 emphyteusim
2066 2200 2076 2214 ‚
2089 2185 2176 2212 tene-

1347 2222 1540 2268 tursingulis
1551 2226 1726 2271 quindecim
1739 2224 1829 2258 annis
1840 2223 1966 2265 solvere
1984 2224 2179 2260 laudemium

1347 2271 1482 2306 Domino
1492 2272 1606 2307 directo
1624 2272 1655 2304 in
1667 2279 1852 2317 perpetuum
1874 2271 1915 2304 ad
1927 2269 2179 2311 resarciendum-³

1345 2317 1394 2352 illi
1417 2319 1563 2353 damnum
1589 2316 1627 2352 ob
1649 2317 1719 2352 inde
1729 2317 1900 2362 sequutam
1920 2314 2107 2359 amiffionem
2124 2316 2180 2361 ju·

1342 2366 1424 2400 rium
1436 2365 1671 2400 dominicalium
1683 2388 1694 2403 ,
1719 2363 1798 2410 quiid
1812 2364 1934 2410 quidem
1949 2363 2144 2400 laudemium
2156 2362 2179 2400 εὶ

1345 2420 1481 2457 tempore
1496 2411 1590 2459 ipsius
1597 2411 1763 2454 solutionis
1774 2417 1990 2456 nuncupatum
2003 2409 2074 2454 fuit
2084 2413 2179 2459 quin-

1344 2461 1488 2493 dennium
1501 2484 1509 2493 .

1251 2516 1275 2549 4
1300 2507 1500 2553 ,Qindennia
1510 2506 1685 2552 regulanda
1691 2505 1712 2548 s
1710 2511 1766 2539 unt
1777 2505 1872 2539 iuxta
1879 2502 1996 2546 statum
2007 2505 2176 2551 antiquum
2225 2532 2227 2534 v

1341 2554 1432 2597 fundi
1446 2553 1688 2600 emphyteutici,
1704 2564 1764 2588 non
1774 2559 1880 2590 autem
1892 2549 1988 2596 juxta
1999 2551 2177 2597 praesentem

1336 2601 1426 2644 fundi
1436 2599 1530 2646 ipfius
1542 2601 1698 2635 meliorati
1712 2623 1722 2632 .

1252 2658 1267 2691 5
1298 2648 1499 2694 Qindennia
1508 2648 1685 2682 introducta
1691 2645 1826 2689 suerunt
1836 2643 1874 2680 ob
1886 2643 2174 2690 verisimilitudine,

1345 2692 1427 2738 qued
1432 2692 1566 2738 singulis
1579 2694 1756 2740 quindecim
1771 2694 1862 2729 annis
1869 2692 1960 2739 sequi
1973 2691 2088 2727 valeat
2096 2690 2175 2727 alie-

1344 2741 1430 2775 natio
1442 2739 1594 2775 bonorum
1602 2740 1902 2787 emphyteuticorum
1921 2763 1930 2772 .

1250 2792 1273 2824 6
1298 2788 1471 2824 Laudemia
1491 2785 1647 2829 solvenda
1663 2787 1739 2830 sunt
1750 2784 1860 2821 habita
1883 2787 2005 2821 ratione
2026 2782 2172 2819 meliora-

1344 2842 1517 2868 mentorum
1529 2859 1538 2868 .

1248 2893 1270 2927 7
1298 2879 1515 2926 subrogatum
1525 2878 1652 2927 affumit
1663 2892 1767 2916 omnes
1781 2880 1955 2927 qualitates
1965 2878 2021 2917 rei,
2033 2877 2065 2911 in
2075 2875 2171 2920 cuius

1340 2927 1444 2962 locum
1470 2925 1666 2973 subrogatur
1681 2952 1690 2963 .

1251 2977 1271 3012 8
1297 2975 1467 3010 Alienatio
1479 2974 1682 3021 emphyteusis
1688 2974 1824 3019 fingitur
1833 2971 2024 3007 intervenire
2030 2969 2168 3015 singulis·

1344 3021 1520 3065 quindecim
1535 3023 1625 3055 annis
1649 3024 1690 3055 ad
1701 3020 1840 3067 effeetum
1850 3018 1976 3062 quidem
2004 3016 2170 3062 preliandi

1340 3069 1372 3103 in
1382 3078 1494 3112 genere
1513 3069 1706 3103 laudemium
1729 3066 1860 3101 Domino
1873 3064 1987 3112 directo
2002 3088 2011 3103 ‚
2037 3075 2096 3098 non
2109 3074 2170 3098 au-

1343 3123 1405 3150 tem
1425 3117 1466 3149 ad
1479 3113 1619 3160 effetinm
1632 3113 1712 3148 illud
1730 3110 1879 3152 solvendi
1900 3119 1996 3153 Juxta
2020 3113 2146 3144 modum
2156 3135 2168 3150 ‚

1345 3172 1406 3204 quo
1417 3161 1562 3203 solvitur
1572 3158 1770 3195 taudemium,
1784 3158 1908 3201 quando
1914 3157 1938 3199 s
1934 3159 2060 3203 equitur
2072 3166 2168 3196 vera,

1299 3221 1335 3244 ac
1351 3209 1447 3242 realis
1459 3208 1607 3242 alienatio
1623 3228 1633 3237 .

1250 3268 1273 3300 9
1296 3255 1423 3299 Nullus
1436 3256 1552 3289 Dottor
1559 3250 1679 3292 firmat,
1692 3250 1883 3296 quindennia
1893 3249 1917 3294 s
1912 3251 2050 3287 olvenda
2062 3247 2117 3296 effe
2128 3260 2170 3285 ex

1341 3299 1582 3335 melioramentis
1596 3321 1606 3329 .

1225 3361 1268 3385 10
1293 3350 1391 3383 Fittio
1401 3341 1598 3398 incasuxfibto
1608 3351 1777 3388 operatur,
1798 3346 1878 3389 quod
1898 3347 2027 3381 veritas
2045 3345 2076 3378 in
2097 3341 2173 3384 casu

1337 3403 1418 3426 vero
1429 3415 1438 3431 ‚
1462 3400 1523 3434 quo
1543 3390 1584 3434 ad
1593 3393 1747 3427 *terminos
1757 3392 1883 3428 tantum
1897 3417 1907 3435 ,
1922 3401 1979 3439 pro
1992 3389 2108 3470 quins
2123 3390 2173 3423 in·-

2090 3446 2126 3469 u-
