2295 3757
648 57 750 122 De
778 51 1208 138 Qindenniis
1224 100 1239 124 ‚
1274 57 1433 140 Cap.
1453 62 1518 121 L.

62 180 122 212 131
153 175 205 205 ιε’
219 177 309 205 atum
329 182 469 206 annuum
480 170 698 205 alimentorum
722 177 780 202 non
792 168 832 208 est
846 162 1023 209 transmiffi-

191 180 258 252 iile
283 220 324 253 ad
333 219 523 262 legatarium
536 225 630 258 capto
640 226 720 250 anno
735 237 745 247 .

61 274 74 298 1
82 271 99 306 3
107 273 125 296 2
151 265 169 295 I
171 272 191 296 n
203 267 335 300 materia
342 262 525 310 favorabili
536 271 660 307 tempus
678 267 808 306 captum
821 256 957 294 babetur
967 267 1025 306 pro

199 322 267 346 com
289 312 348 347 leto
365 337 372 346 .

64 366 125 401 133
153 362 260 394 Prote
284 361 401 395 amenti
408 360 543 403 sanione
561 354 674 392 activa
687 362 811 401 tempus
823 361 954 401 captum
966 352 1026 387 ha-

200 404 292 441 betur
302 415 360 452 pro
370 407 520 451 completo
527 427 538 439 .

64 460 131 493 134
155 453 241 487 Idem
261 462 317 499 pro
323 449 517 498 sponsalibus
526 472 537 484 .

65 507 127 539 135
157 500 242 535 Idem
284 513 319 535 ro
338 497 533 534 matrimonio
546 519 557 531 .

70 547 137 586 136
160 551 260 593 Repro
283 555 358 582 atur
371 543 531 579 Narbona
543 542 584 577 de
595 550 693 578 aetate
702 552 757 579 an.
772 552 826 587 ¹4·
837 548 932 587 qu.9.
944 552 1037 594 nuq-

204 606 280 629 cum
297 598 358 638 leq·
369 591 560 625 contrarium
568 590 703 631 sentiens
711 614 721 624 .

69 648 136 682 137
161 642 247 676 Idem
254 651 311 688 pro
325 637 487 674 obtinendo
498 635 646 677 Beneficio
660 636 867 680 ecctefiaaico
882 659 893 671 .

69 694 108 728 13
117 688 136 720 8
162 690 246 723 Idem
258 696 314 734 pro
327 681 546 728 Dignitatibus
558 686 589 718 in
603 683 841 719 Cathedralibus
853 707 862 717 .

70 743 138 775 139
162 737 246 769 Idem
256 743 311 779 pro
319 730 479 773 sumendis
494 730 711 773 Ecclesiasticts
725 729 895 766 Ordinibus
904 752 916 763 .

67 788 136 822 140
162 782 245 815 Idem
262 787 319 825 pro
335 782 524 812 Canontcatu
539 778 774 813 'Paenitentia-rio
789 802 800 813 .

69 835 132 868 ¹41
161 829 244 861 Ideni
266 834 322 871 pro
337 822 546 869 Abbatissatu
561 850 570 860 .

68 881 133 916 142
161 874 313 915 Reiicitur
328 871 493 906 Narbona
506 871 547 905 de
562 881 658 906 aetate
672 881 725 906 an.
737 881 794 913 40.
807 878 900 913 qu.2.
913 879 1008 913 nu.5.

67 927 132 961 143
158 920 246 954 tdem
251 927 306 963 pro
318 917 491 953 obtinendis
503 917 611 963 officiis
616 914 822 959 sacularibus
832 940 845 951 .

68 974 135 1008 144
160 968 248 1000 Idem
254 976 312 1010 pro
323 965 539 1011 usu-capiendis
551 963 713 1006 sruelibus
727 987 736 998 .

67 1020 131 1055 145
160 1015 271 1059 Opinio
293 1021 397 1047 tenens
414 1036 423 1050 ‚
449 1014 481 1046 in
496 1009 740 1055 favorabilibus
760 1022 877 1046 annum
900 1018 1033 1057 caeptum

205 1058 317 1094 haberi
330 1068 386 1104 pro
396 1059 555 1103 completo,
568 1058 640 1093 licet
649 1057 879 1102 communissit,
893 1066 1033 1093 attamen

205 1107 402 1141 controverti
405 1104 478 1140 bilis
489 1103 526 1145 esi
538 1129 548 1139 .

67 1155 135 1197 146
159 1157 197 1188 In
208 1152 316 1197 odiosis
326 1154 339 1194 (
349 1153 458 1199 qualia
465 1152 486 1192 s
482 1159 540 1186 unt
548 1152 738 1198 quindennia
749 1151 895 1198 )tempus
905 1159 1037 1198 cleptum

207 1212 265 1235 non
278 1198 411 1234 habetur
421 1208 478 1245 pro
492 1200 640 1245 completo
653 1224 661 1232 .

69 1256 138 1291 147
163 1250 294 1291 Tempus
307 1247 348 1281 ad
353 1245 541 1288 solvendum
559 1246 804 1291 quindennium-‚
827 1247 969 1289 exquirit
986 1245 1038 1288 sui

206 1294 496 1335 consummationem
506 1291 603 1337 usque
615 1295 655 1327 ad
668 1293 816 1328 ultimum
828 1301 1017 1328 momentum
1028 1318 1037 1326 .

66 1342 137 1385 *148
164 1341 401 1387 Qindennium
416 1337 564 1382 solvitur
586 1340 622 1374 de
641 1341 826 1387 quindennio
845 1341 877 1375 in
889 1341 1039 1387 quinden-

213 1398 301 1421 mum
311 1410 322 1421 .

65 1444 135 1478 149
160 1432 403 1482 Operaservilis
417 1443 475 1467 non
487 1430 621 1468 debetur
638 1433 713 1469 ante
722 1434 972 1470 adventumdiei
981 1457 990 1468 .

64 1492 137 1524 150
161 1479 245 1523 'Pers
240 1481 315 1517 onis*
315 1481 540 1530 privilegiatis
547 1480 669 1522 salarii}
676 1481 700 1520 s
695 1482 823 1517 olvitur
836 1482 926 1517 initio
939 1482 1016 1516 anni
1026 1504 1036 1515 -

68 1538 134 1572 151
162 1529 202 1561 In
221 1528 282 1563 tali
294 1526 366 1570 casu
387 1539 489 1563 ann-us
502 1535 616 1570 caeptus
629 1527 762 1563 hahetur
772 1537 829 1574 pro
843 1529 991 1574 completo
1005 1552 1015 1562 .

65 1585 132 1618 152
161 1574 348 1618 Advocato
354 1576 514 1611 decedente
523 1573 595 1609 ante
604 1587 620 1610 o
643 1586 726 1610 eram
737 1574 924 1621 prasinam,
944 1574 1039 1610 hono-

205 1623 365 1657 rararium
378 1622 477 1668 repeti
488 1622 596 1666 nequit
607 1634 628 1656 a
639 1621 753 1657 cliente
764 1645 774 1656 .

67 1677 132 1712 153
159 1668 247 1703 Idem
256 1670 293 1704 de
304 1675 443 1704 Praetore
455 1695 462 1707 ,
477 1669 512 1702 de
521 1667 642 1713 legente
651 1692 660 1706 ‚
674 1670 718 1704 Θ·
729 1670 855 1705 Medico
865 1670 1014 1705 condutio
1027 1692 1037 1704 .

68 1725 139 1760 154
162 1713 286 1751 Salaria
301 1714 489 1761 officialium
496 1713 664 1761 publicoru
675 1716 799 1762 integra
807 1716 1016 1763 persolvenda
1028 1739 1038 1750 .

70 1771 111 1805 15
122 1772 136 1806 5
166 1763 240 1797 Viri
248 1764 330 1798 doni
342 1759 513 1798 honoribus
525 1760 677 1807 afficiendi
690 1787 699 1796 .

69 1819 87 1845 ι
95 1813 138 1852 56
163 1807 429 1854 Jurisprudentia
440 1810 489 1844 uti
501 1820 551 1843 res
557 1808 580 1852 s
575 1806 835 1852 acratiffima‚non
845 1807 1043 1858 prietiabilis.

68 1865 138 1899 157
164 1855 397 1901 Jarisconsulti
408 1857 556 1889 dicuntur
568 1858 749 1890 Sacerdotes
763 1880 773 1890 .

67 1911 85 1937 1
101 1908 144 1948 38
173 1903 264 1938 Tales
276 1901 444 1948 improprie
455 1902 603 1936 dicuntur
616 1909 726 1947 operas
733 1902 811 1944 suas
823 1902 927 1938 locare
938 1926 949 1938 .

74 1958 144 1992 ²59
167 1950 346 1984 Advocati
357 1947 448 1983 hodie*
459 1947 662 1993 vilipendunt
667 1948 833 1990 scientiam
847 1975 856 1984 .

74 1998 144 2033 160
169 1997 264 2043 „Quod
285 1993 448 2041 praestatur
464 1996 497 2028 in
510 1993 734 2039 Dignitatibus
747 2020 757 2036 ‚
776 1998 880 2043 magis
900 1995 938 2039 esi
959 1995 1043 2039 sola·

212 2044 295 2078 tium
307 2065 318 2080 ,
340 2039 437 2087 qua'm
443 2039 601 2084 salarium
610 2065 621 2075 .

74 2087 144 2129 1161
170 2089 352 2125 Honoraria
371 2086 460 2135 quasi
477 2088 510 2122 in
522 2087 743 2125 alimentorum
766 2089 894 2131 causam
907 2090 978 2126 dari
988 2092 1047 2126 vi-

215 2138 329 2172 dentur
341 2159 350 2174 ‚
369 2137 499 2181 ideoque
511 2136 587 2169 anni
599 2137 690 2171 initio
696 2136 852 2179 solvenda
865 2163 875 2179 ‚
889 2139 932 2175 &
943 2138 1045 2181 trans-

217 2181 375 2226 mzffibilia
390 2184 430 2216 ad
442 2182 576 2216 haeredes
589 2204 600 2217 .
696 2182 699 2184 ’

75 2231 147 2267 '162
172 2236 210 2266 In
223 2230 397 2265 honorariis
409 2230 583 2264 attenditur
596 2229 746 2273 industria
756 2230 905 2277 officialis
916 2257 926 2266 .

79 2280 146 2320 163
173 2278 320 2314 Haredes
337 2275 539 2323 personarum
558 2277 846 2324 privilegiatarum
864 2280 1050 2326 praetendere

216 2331 372 2371 nequeunt
383 2323 539 2364 salarium
555 2322 669 2367 residui
678 2327 825 2371 temporis
839 2351 849 2360 .

82 2372 154 2417 3164
176 2371 392 2406 Honorarium
400 2369 603 2414 personarum
613 2371 898 2417 privilegiatarum
920 2371 1049 2409 debetur

222 2424 277 2463 pro
288 2425 359 2451 rata
371 2416 496 2451 tantum
506 2419 655 2462 temporis
667 2441 677 2453 .
942 2424 944 2427 “

79 2466 130 2505 116
134 2473 150 2506 5
177 2468 311 2509 Dempta
323 2464 465 2498 decendio
475 2472 531 2508 per
545 2463 787 2500 Chalendarium
802 2468 1031 2513 Gregorianum
1040 2491 1050 2507 ,

225 2511 383 2555 demptum
403 2511 498 2545 etiam
503 2508 574 2554 fuit
591 2511 771 2547 decendium
792 2525 833 2548 ex
836 2513 968 2557 salariis
978 2513 1051 2559 Offi-

227 2557 359 2591 cialium
373 2580 383 2590 .

77 2603 150 2648 '³66
174 2605 321 2641 Miratur
332 2605 463 2639 Auilor
474 2628 483 2643 ‚
498 2602 579 2649 quod
590 2628 599 2643 ,
612 2604 685 2641 licet
696 2606 897 2653 Inquisitores
910 2609 941 2643 in
953 2609 1052 2644 Indiis

217 2649 446 2696 Hispaniarum
457 2650 593 2686 habeant
605 2664 709 2688 eorum
720 2653 844 2696 salaria
854 2656 944 2691 initio
957 2656 1031 2692 anni
1040 2679 1051 2694 ‚

223 2705 362 2732 attamen
371 2707 430 2731 non
442 2697 498 2732 illa
512 2698 730 2742 transmittunt
740 2702 781 2735 ad
793 2700 927 2737 haeredes
937 2726 947 2736 .

78 2747 151 2790 '367
168 2741 390 2791 ‘Magissratus
410 2743 441 2777 in
461 2745 667 2790 ‘portugallia
687 2746 851 2790 censentur
870 2747 1053 2785 contrahere

194 2790 196 2792 ’
216 2789 389 2834 secundnm
401 2789 649 2833 consuetudinem
665 2792 753 2827 illius
765 2796 867 2840 Regni
877 2819 888 2829 .

85 2839 154 2882 ,⁸68
180 2838 339 2875 Salarium
355 2839 512 2872 Senatoris
536 2839 568 2872 in
582 2840 791 2884 Purtugallia
811 2841 950 2885 desunc‘li
966 2838 1054 2876 intra

225 2895 342 2921 annum
355 2907 365 2922 ,
377 2883 548 2919 heredibus
562 2892 660 2919 totum
673 2885 821 2923 debetur·

84 2932 158 2974 '169
182 2931 325 2969 senatori
333 2938 446 2977 aegroto
459 2929 588 2966 debetur
598 2930 753 2973 salarium
764 2956 775 2969 .
948 2961 950 2964 ,

92 2986 163 3020 170
186 2978 377 3015 Declaratur
390 2987 472 3012 text.
485 2977 519 3012 in
530 2979 588 3012 l.1.
602 2979 643 3011 C.
656 2977 698 3013 de
714 2977 875 3024 Primipss.
888 2978 1004 3016 libaz.

89 3031 160 3068 371
186 3024 322 3072 speciale
335 3023 373 3064 eft
393 3026 424 3059 in
438 3023 607 3059 haeredibus
619 3024 811 3070 officialium
818 3024 949 3072 publica
963 3027 1056 3064 utili·

228 3072 290 3151 {ati
300 3070 542 3114 inservientium
550 3094 561 3111 ,
572 3080 608 3107 ut
618 3074 659 3108 ad
668 3072 741 3108 illos
758 3072 851 3117 trans
845 3075 993 3110 mittatur
999 3074 1024 3118 s
1019 3085 1056 3109 a»

244 3118 346 3153 arium
359 3139 370 3151 .

93 3174 160 3208 172
185 3165 278 3199 Mors
291 3165 393 3202 omnia
397 3164 526 3208 solvit.

90 3221 157 3255 173
185 3207 320 3256 Qaeftio
333 3209 507 3247 Sabbatina
517 3212 728 3259 quaenamsit.
809 3240 823 3245 ,.
861 3238 865 3245 2
924 3241 940 3246 „,

93 3268 165 3302 174
186 3253 390 3298 Beneficiatus
399 3261 580 3304 resurgens,
601 3272 659 3295 non
673 3267 836 3306 recuperat
850 3259 1052 3303 Beneficium.

84 3313 160 3349 ⁷175
187 3302 363 3350 Resurgens
372 3311 555 3352 recuperare
564 3308 672 3354 nequit
682 3305 762 3344 bona
774 3308 960 3355 temporalia
969 3332 987 3348 .¹
1010 3322 1016 3341 2
1039 3337 1045 3340 ⁴

1847 85 1966 145 179

1090 170 1153 208 176
1179 174 1227 203 De
1242 172 1367 214 Lazaro
1380 180 1437 204 non
1450 170 1567 215 legitur
1583 193 1591 207 .
1613 170 1804 216 recuperasse
1815 171 1893 208 bona
1905 199 1913 207 .

1088 224 1152 256 177
1181 215 1354 261 Resurgens
1367 217 1468 262 perdit
1482 217 1631 261 pecunias
1649 218 1811 252 societatis
1826 220 1924 263 Officii
1935 229 1947 240 ·

1089 262 1152 302 178
1179 259 1380 307 Rejiciuntur
1392 262 1759 305 contrariumsentientcs
1773 288 1782 297 .

1088 318 1101 341 ι
1109 318 1155 349 79
1179 309 1360 344 Monachus
1372 311 1535 356 resurgens
1553 317 1675 345 tenetur
1685 311 1784 344 redire
1794 312 1835 345 ad
1846 312 2035 356 Monasleriti
2049 340 2058 349 .

1090 357 1156 388 180
1180 358 1280 391 'Panis
1289 357 1428 402 gradilis
1441 358 1517 402 quid
1529 381 1539 391 .

1093 413 1105 436 1
1115 402 1132 434 8
1141 412 1154 434 ι
1184 404 1305 438 Civilis
1315 415 1437 438 annona
1452 405 1530 451 quid
1541 428 1551 438 .

1093 458 1105 481 1
1115 449 1156 481 82
1184 450 1419 494 Qaindennium
1437 450 1598 497 praestatur
1619 452 1650 486 in
1660 451 1899 496 recognitionem
1912 453 2063 488 dominii.

1097 499 1159 538 183
1189 497 1423 543 Qindennium
1437 499 1533 532 etiam
1555 500 1587 532 in
1599 507 1736 545 tempore
1752 498 1850 533 valde
1867 498 2061 542 diversifica-

1232 553 1288 577 tur
1302 542 1343 577 ab
1356 556 1476 579 annona
1489 544 1586 579 civili
1598 568 1610 579 .

1099 598 1113 623 1
1121 589 1166 632 84
1188 593 1336 625 Annonae
1346 591 1549 625 emolumento
1558 591 1782 628 excitabantur
1793 593 1886 627 cives
1901 593 1943 627 ad
1950 600 2062 627 extrav

1235 637 1345 671 endam
1357 660 1366 675 ,
1387 635 1701 685 amplificandamque
1713 638 1851 682 adificiis
1863 637 1987 675 Urbem
2000 663 2011 675 .

1097 697 1112 718 ι
1122 684 1160 724 85
1191 685 1228 717 In
1239 684 1445 729 Portugaltia
1458 686 1587 719 Tencas
1622 687 1678 721 uid
1691 711 1700 720 .

1098 741 1111 763 1
1121 732 1163 764 86
1190 729 1374 773 Beneficium
1386 732 1547 777 Principis
1557 696 1620 766 lati}
1633 734 1900 778 interpretandum
1913 758 1923 768 .

1096 778 1161 818 187
1187 781 1224 812 In
1234 777 1435 823 Portugallia
1450 778 1602 813 portaria
1617 781 1694 824 quid
1707 803 1715 812 .

1095 835 1109 858 1
1119 825 1160 859 88
1187 823 1248 864 Ista
1259 836 1318 858 non
1335 824 1354 858 d
1366 833 1502 870 tempore
1511 833 1606 871 captae
1619 823 1800 870 possessionis
1806 826 1984 868 solvuntur
1993 848 2006 861 ·

1095 882 1108 904 1
1117 872 1160 912 89
1185 871 1201 900 I
1204 881 1222 903 n
1232 872 1438 916 Portugallia
1454 870 1706 907 Ass'entamento
1717 874 1792 918 quid
1806 897 1815 906 .

1094 928 1107 951 1
1116 928 1161 958 90
1185 920 1332 951 Annona
1345 918 1586 962 emolumentum
1597 930 1656 954 non
1669 919 1762 960 trans
1757 919 1897 954 mittitur
1907 943 1919 954 .

1095 975 1108 998 1
1117 974 1157 1005 91
1187 966 1378 1008 Legatarius
1387 963 1426 1006 esi
1439 967 1604 1000 invitatus
1618 964 1638 999 d
1651 964 1795 1005 testatore
1807 990 1817 999 .

1095 1021 1160 1054 192
1185 1012 1320 1045 fruetus
1346 1011 1509 1047 naturales
1544 1024 1606 1047 non
1626 1011 1831 1058 parificantur
1863 1013 1896 1047 in
1924 1013 2068 1050 omnibns

1233 1067 1305 1092 cum
1317 1056 1497 1096 civilibus,
1524 1059 1635 1104 qualia
1650 1058 1724 1100 sunt
1739 1060 1948 1107 quindennia.

1098 1113 1160 1146 193
1191 1108 1348 1149 Legatum
1363 1104 1459 1140 latius
1468 1107 1736 1151 interpretandum
1749 1130 1758 1140 .

1099 1161 1112 1186 1
1120 1160 1166 1194 94
1194 1151 1385 1186 Declaratur
1398 1153 1534 1187 Ferrett.
1546 1153 1850 1195 confil.256.v01.2.

1098 1207 1159 1240 195
1189 1198 1425 1245 ‚quindennium
1436 1197 1610 1243 esifruc'ius
1623 1200 1736 1235 civilis
1751 1224 1761 1234 .

1099 1247 1164 1286 196
1191 1247 1390 1281 contrarium
1401 1249 1485 1292 apud
1499 1245 1684 1282 Autborem
1696 1246 1734 1288 est
1746 1246 1987 1293 imperceptibile
1999 1273 2008 1283 .

1099 1301 1163 1333 197
1191 1290 1487 1328 Ferrea-dicaeus.
1496 1294 1601 1339 potins
1604 1293 1704 1338 favet
1714 1295 1851 1340 opintoni
1860 1297 2018 1330 Antioris
2031 1318 2042 1330 .

1100 1339 1165 1382 198
1191 1340 1340 1384 Idemque
1354 1340 1487 1374 Ferrett.
1501 1339 1611 1385 co=1s.3
1621 1344 1850 1386 2.11·40.vol.1.
1862 1344 1995 1377 videtur
2008 1343 2068 1377 mi-

1236 1385 1332 1420 litare
1342 1394 1399 1432 pro
1411 1389 1556 1422 Auito-e
1568 1412 1577 1421 .

1099 1443 1112 1467 1
1120 1443 1165 1475 99
1193 1436 1283 1467 Mors
1296 1444 1355 1467 non
1365 1433 1404 1474 esi
1414 1434 1504 1476 casus
1512 1434 1670 1477 fortuitus
1679 1459 1690 1470 .

1098 1490 1165 1515 200
1191 1478 1342 1525 Affertur
1357 1478 1515 1515 Dillichon
1528 1481 1666 1527 lepidum
1681 1506 1692 1516 .

1099 1537 1142 1561 20
1151 1538 1163 1560 1
1194 1525 1345 1572 Quotidie
1357 1552 1366 1566 ‚
1380 1527 1453 1562 licet
1460 1527 1557 1570 semel
1571 1554 1580 1568 ‚
1594 1531 1745 1565 morimur
1756 1552 1767 1564 .

1097 1586 1165 1608 202
1193 1578 1284 1607 Mors
1298 1572 1337 1613 esi
1351 1575 1480 1620 quidam
1493 1576 1567 1609 ordo
1579 1585 1697 1611 naturae
1711 1600 1722 1610 .

1097 1631 1162 1664 203
1191 1618 1398 1701 Beneficgatus
1411 1620 1549 1662 censetur
1562 1622 1716 1670 provisus
1737 1623 1775 1658 de
1788 1620 1938 1666 Beneficio
1946 1624 2006 1668 suo
2017 1632 2075 1672 pe-

1238 1678 1305 1701 ricu
1322 1680 1338 1702 o
1350 1692 1360 1701 .

1098 1724 1168 1757 204
1192 1716 1403 1760 componenda
1412 1715 1445 1747 in
1458 1717 1594 1751 Dataria
1606 1715 1791 1763 apostolica
1800 1718 1877 1764 quid
1885 1741 1895 1752 .

1099 1772 1162 1805 205
1190 1761 1504 1803 Haeredes-solventis
1516 1766 1771 1809 componendam,
1786 1766 1859 1799 licet
1871 1763 2074 1810 praedefunt'ti

1240 1807 1312 1843 ante
1329 1808 1513 1844 litterarum·
1527 1812 1768 1855 exequutionem
1780 1835 1792 1851 ,
1813 1822 1874 1846 non
1887 1811 1977 1848 illam
1987 1820 2075 1859 repe-

1240 1863 1313 1890 tunt
1324 1853 1344 1889 a=
1357 1857 1494 1890 Dataria
1506 1881 1515 1888 .

1101 1905 1170 1938 206
1196 1900 1358 1950 Quomodo
1371 1901 1521 1938 obvietur
1530 1901 1711 1947 huiusmodi
1721 1901 1855 1946 absurdo
1865 1930 1875 1940 .

1103 1961 1170 1994 207
1195 1953 1301 1993 Nemo
1313 1958 1434 1984 tenetur
1441 1951 1577 1996 propriis
1585 1949 1745 1996 stipendiis
1758 1951 1898 1988 militare
1909 1977 1920 1988 .

1102 1999 1169 2031 208
1194 1998 1355 2032 Auitoris
1365 1995 1514 2037 distinato
1527 2022 1537 2031 .

1105 2054 1173 2087 209
1197 2045 1330 2079 aanor
1342 2043 1439 2084 nescit.
1448 2045 1560 2079 videre
1573 2069 1582 2083 ‚
1608 2043 1760 2087 quomodo
1778 2047 1851 2081 dari
1861 2042 1948 2092 poffit
1959 2045 2050 2089 casus
2064 2072 2075 2088 ‚

1241 2090 1323 2137 quod
1335 2088 1539 2133 Beneficiatus
1549 2090 1911 2137 Pr.cdecessorinserviat
1919 2093 1986 2128 ullo
1997 2103 2077 2130 tem-

1239 2147 1316 2183 pore
1327 2136 1442 2184 absque
1453 2139 1655 2173 emolumento
1668 2165 1676 2172 .

1104 2195 1173 2221 210
1198 2186 1348 2220 notiores
1358 2185 1520 2227 loquentes.
1540 2187 1576 2219 de
1580 2184 1604 2227 s
1599 2183 1744 2221 ruc'tibus
1765 2184 1968 2223 naturalibus
1980 2211 1991 2227 ,
2016 2200 2077 2224 noa

1243 2232 1445 2276 applicantur
1454 2233 1495 2266 ad
1504 2231 1632 2274 fruitus
1645 2233 1764 2269 civiles
1777 2258 1786 2268 .

1107 2289 1171 2315 211
1198 2279 1264 2313 'Per
1280 2278 1407 2313 Bullam
1425 2278 1522 2324 Julii
1539 2281 1604 2312 III.
1621 2279 1750 2322 fruitus
1771 2278 1917 2323 Beneficii
1936 2281 2076 2317 inexaiit‘

1241 2324 1261 2367 s
1258 2326 1381 2370 pectant
1390 2327 1430 2360 ad
1438 2324 1639 2371 successorem
1651 2328 1682 2360 in
1690 2326 1840 2370 Beneficio
1851 2353 1861 2364 .

1109 2384 1176 2407 212
1202 2372 1368 2419 ,Quidquid
1375 2370 1416 2414 fit
1428 2373 1465 2407 de
1478 2371 1548 2417 jure
1562 2376 1720 2408 communi
1731 2399 1741 2408 .

1110 2430 1173 2464 213
1203 2419 1372 2454 contraria
1381 2420 1524 2454 doetrinae
1535 2431 1594 2455 non
1603 2419 1779 2465 loquuntur
1798 2420 2003 2468 defrub’tibus
2022 2424 2082 2458 im·

1250 2466 1388 2500 maturis
1398 2490 1406 2500 .

1111 2523 1179 2556 214
1203 2512 1397 2548 Declaratur
1419 2513 1511 2548 Rota
1525 2524 1640 2550 coram
1655 2514 1834 2552 Comitolo
1849 2514 2082 2561 decis.39.n.3.

1111 2572 1129 2594 2
1137 2570 1174 2602 15
1204 2563 1242 2594 In
1255 2559 1409 2604 Hispania
1417 2560 1540 2603 fruetus
1553 2559 1696 2602 Beneficii
1704 2565 1842 2611 percepti
1849 2587 1860 2604 ,
1887 2567 1930 2602 ἀ*
1941 2564 2080 2601 ιἠεκαὲἶὶ

1243 2607 1386 2653 speetant
1394 2608 1433 2641 ad
1447 2606 1579 2643 haeredes
1591 2607 1769 2650 Beneficiati
1782 2635 1792 2644 .

1111 2664 1150 2688 21
1158 2656 1179 2688 6
1204 2653 1396 2695 Consuetudo
1406 2665 1465 2688 non
1479 2655 1659 2689 extenditur
1673 2656 1714 2690 ad
1722 2655 1792 2692 loca
1803 2681 1815 2697 ‚
1837 2656 1895 2694 ubi
1904 2670 1963 2694 non
1974 2657 2079 2701 viget.

1109 2709 1176 2743 217
1202 2701 1436 2746 Juramentum
1455 2702 1487 2735 in
1499 2700 1587 2735 litem
1597 2702 1667 2735 dari
1669 2701 1750 2743 solet
1758 2703 1923 2751 successori
1943 2706 1974 2738 in
1986 2708 2078 2737 Bene·

1245 2745 1319 2789 ficio
1332 2746 1492 2783 adversus
1502 2746 1634 2782 heredes
1648 2749 1828 2793 Beneficiati
1836 2746 2057 2798 pra-'decessoris
2066 2771 2079 2790 ,

1247 2793 1410 2837 fifrubtus
1416 2801 1597 2839 perceperat
1607 2819 1616 2828 .

1113 2852 1132 2876 2
1140 2852 1153 2875 1
1162 2841 1181 2876 8
1206 2842 1340 2875 Fructus
1353 2838 1496 2881 Beneficii
1502 2840 1593 2887 sequi
1603 2839 1713 2878 debent
1719 2842 1912 2883 servientem
1921 2838 2059 2885 Ecclesia
2066 2863 2079 2881 ‚

1252 2898 1312 2922 non
1323 2895 1429 2921 autem
1440 2887 1490 2922 illi
1497 2887 1625 2929 servire
1636 2889 1814 2931 desinentem
1822 2911 1832 2922 .

1113 2945 1131 2969 2
1140 2945 1181 2977 19
1207 2935 1296 2968 Idem
1306 2935 1338 2968 in
1351 2935 1543 2969 Commendis
1555 2936 1706 2969 ordinum
1718 2933 1915 2968 Militarium
1925 2956 1938 2969 .

1114 2992 1182 3015 220
1208 2981 1364 3027 Qanvis
1375 2981 1407 3015 id
1418 2982 1552 3016 eveniat
1564 2983 1681 3026 v1'gore
1693 2984 1892 3014 statutorum
1903 3003 1913 3014 .

1112 3037 1178 3063 221
1204 3028 1442 3074 ,Quindenm'um
1453 3028 1661 3063 dividendum
1679 3034 1735 3069 pro
1747 3034 1822 3061 rata
1833 3026 1982 3073 temporis
1993 3028 2077 3064 inter

1251 3073 1384 3163 haredes
1393 3075 1500 3110 ultimi
1513 3070 1701 3116 Beneficiau}
1711 3071 1963 3119 &successorem
1973 3074 2009 3109 in
2018 3080 2077 3114 Be·

1251 3132 1271 3155 n
1311 3133 1359 3156 cio
1370 3145 1379 3155 .

1112 3179 1180 3204 222
1205 3170 1285 3202 Sunt
1296 3178 1472 3202 communes
1483 3165 1582 3199 animi
1589 3167 1800 3211 conceptiones
1809 3191 1820 3202 .

1112 3226 1178 3259 223
1206 3216 1343 3250 Bruttus
1353 3211 1495 3253 Beneficii
1507 3210 1604 3247 debiti
1610 3214 1726 3257 primo,
1738 3214 1797 3250 vel
1801 3214 1936 3259 secundo
1945 3226 2026 3252 anno
2037 3216 2084 3259 di-

1251 3262 1412 3296 viduatur
1425 3257 1586 3302 aqualiter
1600 3261 1681 3294 inter
1692 3260 1828 3297 haeredes
1845 3261 1953 3299 ultimi
1964 3258 2082 3304 Benefi-

1253 3307 1333 3341 ciati
1347 3328 1359 3345 ,
1372 3306 1415 3340 (φ
1421 3302 1624 3351 successorem
1636 3306 1830 3354 inBeneficio
1841 3332 1853 3356 ·.

1394 3351 1421 3385 Z
1456 3363 1475 3386 2
1896 3362 1969 3398 ,2²4
1981 3357 2042 3391 So-
