2295 3757
350 161 473 242 346

353 269 490 314 gionis‚
521 267 672 313 profecto
694 267 840 304 Ecclesia
865 282 933 305 non
956 273 1064 316 potest
1088 273 1230 317 oblig-rri

287 328 330 360 30
356 318 477 362 abique
495 314 765 351 solemnitatibus
788 316 831 350 ad
855 315 1051 352 solvendum
1065 319 1231 364 quinden-

354 365 449 398 ninm
464 364 495 398 in
509 374 597 398 certa
609 363 797 408 quantitate
809 387 817 400 ,
839 362 873 397 iu
896 367 1025 408 puncto
1039 368 1146 410 Niger
1159 369 1229 404 de)

353 411 492 446 laudem.
509 420 619 445 conm-
634 421 687 455 qu.
708 422 719 443 1
731 422 759 442 2.
772 412 865 443 artic.
882 421 912 452 3.
927 422 1013 445 num.
1026 423 1101 455 145·
1125 416 1156 447 in
1165 414 1228 455 fine

353 469 426 493 cum
438 459 521 504 seqq-
539 457 594 491 ubi
609 456 715 490 credit
731 456 918 490 invalidam
930 456 1019 491 futile
1035 459 1226 502 promistio-

353 516 429 539 neni
447 503 590 538 solvendi
604 501 850 548 quindcunium
871 503 904 538 in
922 503 1023 539 scutis
1036 504 1226 551 leptuagin-

354 562 390 585 ta
406 552 553 597 quinque
572 549 696 584 factam
721 559 776 594 per
791 551 981 585 Monachos
996 552 1226 587 cistercienses

357 597 642 642 Congregatiouis
660 595 816 630 Bullensis
841 598 885 631 ad
910 598 1059 632 favorem
1075 599 1226 634 Canoni-

355 656 470 679 corum
486 669 492 681 ,
508 649 539 676 tx·
557 643 704 688 Lapituli
723 643 958 679 patriarchalis
975 644 1116 679 Bililicae
1134 646 1226 681 Libe-

356 693 451 726 riamae
467 691 571 734 vulgo
586 696 614 723 δ.
633 689 744 724 Maria:
757 690 896 726 Maioris
910 692 951 725 de
967 692 1057 726 Urbe
1073 716 1082 731 ‚
1109 698 1225 739 capon.

354 747 450 772 contr.
468 747 521 778 34.
534 738 625 771 artic.
646 749 769 772 1.num.
782 740 858 772 6.in
871 738 1042 780 menimis.
1065 739 1144 773 unde
1156 740 1226 775 etim

351 784 547 827 Capitulum,
561 783 719 830 repet-post
733 786 1122 821 Trafflintootcorditera
1135 791 1226 822 MM.

325 903 1154 952 ARGUMENTUM.

258 1020 313 1056 Ad
340 1018 545 1065 exigendum
570 1019 814 1064 quindenninm
841 1022 860 1055 :i
887 1033 987 1056 maizu
1002 1032 1137 1057 mortua
1153 1023 1226 1057 Do-

306 1068 399 1103 mina
420 1067 494 1101 utili
510 1079 577 1103 non
594 1066 697 1101 solum
722 1067 900 1113 requiritur
921 1067 1055 1111 speciale
1081 1069 1224 1104 inunda-

304 1125 377 1150 tum
388 1115 529 1149 Domini
541 1114 658 1150 direcii
675 1138 683 1152 ‚
708 1112 759 1148 sed
775 1114 876 1149 eriam
894 1115 1098 1150 individuale
1113 1142 1121 1156 ,
1144 1116 1222 1150 cum

307 1161 554 1207 specificatione
569 1161 724 1196 videlicet
737 1185 745 1199 ,
760 1159 810 1196 seu
827 1161 1099 1197 individuatione
1113 1163 1222 1198 nomi-

307 1211 360 1244 nis
375 1209 500 1254 proprii
516 1208 610 1243 tundi
624 1234 632 1247 ‚
648 1212 679 1242 ἃ
693 1218 788 1242 certae
801 1219 920 1243 manus
931 1219 1069 1243 mortuae
1083 1234 1090 1247 ,
1112 1210 1221 1244 immo

304 1268 365 1291 nec
382 1254 505 1291 sufficit
520 1256 724 1291 mandatum
742 1258 893 1290 Procurae
905 1255 1186 1300 generalillimnm
1199 1257 1220 1291 ἐ,

304 1305 463 1338 Domino
487 1303 618 1340 (ἰίῐεᾶο
633 1298 853 1336 constitutum
878 1314 954 1336 cum
968 1302 1073 1337 libera
1093 1304 1136 1338 ad
1149 1303 1218 1338 exi-

303 1350 454 1395 gendum
477 1351 496 1386 a
519 1347 781 1395 quibuscumque
796 1348 962 1394 personis,
988 1361 1061 1393 quae
1083 1351 1124 1384 de
1137 1362 1219 1395 prae-

304 1397 384 1432 senti
398 1398 482 1436 sunt,
502 1401 549 1431 vel
565 1397 596 1430 in
610 1395 757 1430 futurum
771 1406 878 1434 crunt,
891 1396 947 1430 libi
963 1395 1089 1434 debita,
1100 1395 1216 1432 saltem

301 1444 419 1490 quoad
432 1442 718 1490 praeiudicandum
734 1442 795 1476 iuri
809 1442 1011 1486 praelationis
1038 1441 1130 1488 super
1141 1442 1217 1479 alie-

301 1494 438 1527 natione
453 1516 462 1530 ,
483 1489 536 1525 sed
549 1490 632 1524 bene
647 1487 769 1523 sufficit
781 1488 884 1523 limile
898 1491 1100 1524 mandatum
1112 1491 1145 1526 in
1157 1501 1216 1535 ge-

300 1548 376 1574 nere
391 1537 435 1573 ad
447 1536 648 1584 exigendum
674 1534 886 1580 quindennia
907 1536 928 1571 a
950 1536 1214 1583 quibuscumque

298 1586 455 1620 manibus
469 1583 612 1619 mortuis
629 1582 731 1617 etiam
743 1580 865 1627 absque
880 1581 1127 1628 specificatione
1140 1609 1150 1624 ,
1173 1596 1214 1620 ac

298 1630 570 1667 individuatione
596 1628 809 1675 propriorum
824 1631 1004 1665 nominum
1026 1630 1212 1669 fundorum

298 1679 647 1726 cini-,hyteuricorunn
660 1681 692 1711 <Sc
707 1687 870 1712 manuum
883 1687 1097 1713 mortuarum
1114 1704 1123 1712 .

480 1772 982 1808 SUMMARIUM.

297 1883 311 1907 1
341 1875 403 1905 Per
423 1869 573 1904 laudemii
591 1869 783 1902 exactionem
797 1868 952 1902 Dominus
974 1869 1109 1903 direlYus
1132 1881 1215 1907 nom

381 1914 476 1963 potes}
490 1917 673 1961 praetendere
687 1914 739 1960 jus
749 1914 940 1960 prelationis
945 1914 1041 1961 super
1056 1919 1217 1951 venditio-

385 1963 525 2007 nefundi
535 1962 768 2009 emphyteutici,
786 1965 828 1996 ei*
843 1960 915 1994 laus
929 1962 1004 1997 Εῐῖιὶ
1021 1963 1216 1999 (Σοῐωάὶμί,

295 2025 315 2047 2
341 2013 402 2047 Ad
414 2011 602 2055 exigendum
621 2009 844 2054 quindennium
864 2005 884 2041 a*
903 2019 997 2043 manu
1020 2019 1145 2045 mortua
1167 2023 1214 2045 re-

385 2059 527 2103 quiritur
545 2052 795 2100 specialiffimum
809 2057 992 2089 mandatum
1016 2057 1215 2102 cumspecifi-

387 2106 509 2143 catione
521 2104 654 2138 nominis
672 2104 793 2146 proprii
804 2101 903 2145 fundi
916 2127 925 2142 ‚
951 2106 994 2138 &
1011 2115 1121 2138 manus
1132 2116 1214 2140 rnor-

386 2160 445 2186 tua

298 2212 313 2244 3
340 2198 413 2243 Nisi
426 2199 576 2233 doceatur
595 2198 631 2231 de
642 2197 788 2231 mandato
805 2198 846 2231 ad
859 2198 1047 2243 exigendum
1061 2201 1211 2245 quinden-

349 2261 353 2265 ·
386 2247 438 2280 nia
449 2244 468 2279 a*
482 2243 727 2291 quibuscumque
738 2243 884 2278 manibus
894 2246 1134 2286 mortuis‚cc2·am
1145 2248 1210 2282 illis

385 2304 442 2326 non
451 2290 649 2338 specificati5‚
662 2302 714 2324 nee
722 2290 834 2333 fundis
843 2314 854 2325 .

295 2353 318 2384 4
341 2341 529 2374 Mandatum
544 2337 691 2380 eftslrieti
701 2336 781 2380 juris
795 2361 803 2371 .

298 2398 312 2429 5
342 2390 444 2420 Genus
458 2398 516 2420 non
527 2386 611 2428 capit
620 2384 737 2429 species
752 2384 881 2419 alterius
893 2387 1038 2430 generis.

296 2439 318 2470 6
343 2438 532 2467 Procurator
553 2443 625 2467 cum
644 2429 744 2465 libera
766 2431 959 2466 laudemium
983 2436 1107 2480 exigere
1124 2448 1207 2472 norm

388 2479 481 2514 valet
491 2504 500 2513 .

293 2538 314 2570 7
341 2524 531 2560 solummodo
543 2524 773 2568 rebiesolvitur
786 2527 952 2566 creditori,
978 2529 1036 2563 vel
1049 2532 1209 2566 ‘Procura-

387 2573 448 2606 tori
458 2571 585 2609 habenti
598 2573 779 2607 mandatum
787 2571 923 2617 speciale
943 2576 984 2609 ad
998 2579 1209 2623 recipiendum

387 2617 525 2653 debitum
539 2643 548 2652 .

295 2670 315 2703 8
339 2667 545 2703 procuratori
554 2668 647 2701 etiam
661 2677 731 2700 cum
744 2664 845 2701 libera
859 2669 900 2702 ad
913 2669 1113 2705 vendendum
1124 2693 1133 2708 ‚
1149 2682 1208 2705 non

383 2711 477 2759 potest
488 2714 630 2756 prietium
644 2715 777 2756 recipere
786 2712 866 2748 citrd
873 2715 1010 2760 speciale
1020 2719 1206 2752 mandatum

385 2760 426 2793 ad
440 2760 646 2802 recipiendum
654 2762 798 2805 pretium
808 2785 818 2794 .

289 2820 314 2853 9
340 2803 504 2850 Ratificari
515 2804 608 2851 potest
614 2804 737 2847 factum
747 2809 971 2843 ‘Procuratoris
981 2812 1131 2855 putativi
1140 2836 1149 2846 .

274 2867 317 2892 10
341 2853 533 2889 Declaratur
548 2852 663 2885 ditium
676 2855 776 2897 burg.
790 2854 832 2888 de
845 2856 993 2890 laudem.
1010 2868 1101 2902 parte
1117 2871 1146 2893 1.
1158 2857 1208 2893 iu-

386 2897 519 2944 spectut.
534 2896 569 2932 in
584 2898 692 2932 addit.
704 2909 815 2933 num.1
824 2906 877 2936 26.
890 2902 935 2936 ad
947 2915 1097 2939 uunmo.

274 2959 289 2983 1
300 2960 313 2984 1
341 2947 490 2982 Mandati
498 2942 578 2986 fines
590 2947 739 2980 excedens
752 2947 866 2980 dicitur
873 2949 980 2991 falsus
990 2957 1186 2989 Porcurator
1196 2978 1207 2987 .

271 3006 286 3030 1
295 3008 312 3029 2
338 2995 480 3028 creditor
493 2995 539 3026 rei
551 2993 689 3027 venditae
702 2995 810 3036 nequit
820 2997 964 3038 pretium
982 3000 1117 3043 recipere
1126 3024 1135 3033 .

274 3052 312 3085 13
340 3047 536 3075 Procurator
545 3039 706 3084 generalis
730 3049 802 3073 cum
820 3038 919 3074 libera
935 3045 975 3077 ad
989 3046 1176 3089 exigendum
1189 3045 1210 3081 d

385 3085 633 3132 quibuscumque
645 3083 840 3120 debitoribus
853 3091 980 3123 Domini
988 3092 1107 3129 dimoti,
1115 3093 1208 3138 potest

385 3135 510 3178 exigere
523 3133 681 3167 [audemia
695 3130 811 3177 absque
820 3134 883 3167 alio
894 3135 1028 3179 'speciali
1037 3141 1183 3175 mandato
1199 3164 1207 3172 .

272 3190 315 3223 14
338 3180 533 3213 Procurator
545 3178 662 3214 habens
672 3182 704 3213 in
717 3182 863 3214 mandato
871 3181 1061 3223 facultatem
1068 3185 1209 3227 faciendi

383 3227 536 3271 quidquid
552 3228 706 3260 Dominus
718 3224 811 3270 peffet
821 3251 831 3267 ,
850 3230 877 3270 si
889 3228 958 3273 esset
973 3231 1100 3273 praesens
1117 3259 1125 3272 ‚
1140 3236 1205 3268 exi-

381 3281 455 3314 gere
472 3271 565 3315 potest
578 3274 768 3317 quindennia
785 3295 795 3305 .

274 3329 310 3362 15
340 3318 439 3350 'Paria
455 3317 529 3357 sunt
539 3319 650 3352 habere
662 3322 845 3355 mandatum
852 3321 988 3368 speciale
998 3348 1008 3363 ‚
1035 3326 1094 3360 vel
1118 3338 1206 3370 qene-

384 3362 451 3396 rale
462 3374 532 3396 cum
543 3363 640 3398 libera
652 3389 662 3398 .
1111 3362 1124 3371 ⁸

269 3418 312 3450 35
336 3410 445 3453 Opinio
459 3409 558 3454 Burg.
572 3410 612 3444 de
625 3410 768 3447 laudem.
783 3424 890 3457 par-1.
905 3415 1075 3461 inspeet.4.
1089 3423 1204 3461 ¹³u-58·

819 156 1078 223 Ioannis
1101 164 1314 244 Lopez
1348 157 1428 223 de
1444 165 1650 228 Leone
1669 201 1685 232 9

1432 280 1464 311 &
1479 276 1512 310 in
1524 275 1635 311 addit.
1649 287 1762 310 nuum
1773 275 1826 311 28.
1837 274 1995 320 refellitur
2005 300 2015 312 .

1319 331 1358 361 17
1387 321 1533 368 Ejusdem
1545 325 1646 370 opinio
1664 324 1843 358 declaratur
1854 347 1863 357 .

1317 369 1357 402 18
1385 375 1437 404 Lx
1459 372 1609 405 larcclemii
1631 373 1792 405 exac‘tione
1808 369 1899 413 fana
1914 369 1933 406 a'
1946 377 2159 409 Procuratore
2187 390 2258 414 cum

1429 417 1540 457 libera.
1552 416 1652 452 adlnlc
1666 425 1804 452 remanet
1815 417 1944 459 illesum
1958 417 2009 463 jus
2017 420 2208 464 praelationis
2223 426 2254 458 in

1429 475 1625 511 quocumque
1646 465 1708 500 alio
1727 464 1841 509 futuro
1861 465 1920 507 cas
1917 477 1937 499 u
1961 466 2161 502 alienationis
2184 474 2257 506 Em-

1425 511 1582 556 phyteusis
1595 536 1604 544 .

1316 567 1355 597 19
1381 556 1534 592 Habenda
1545 556 1583 599 esl
1594 562 1676 594 raei0
1690 570 1804 597 corum,
1820 568 1888 605 (μω
1893 558 2076 605 frequenter
2091 564 2253 598 accidunt.

1313 614 1355 635 :0
1382 609 1419 637 ln
1433 607 1578 639 mandato
1587 608 1731 650 generali
1742 631 1750 644 ‚
1760 609 1814 648 seu
1826 617 1898 640 cum
1911 605 2011 641 libera
2023 620 2082 642 non
2097 611 2189 643 venit
2197 609 2257 653 fa-

1426 652 1528 687 cultas
1539 654 1684 695 exigendi
1699 655 1886 697 quindennia
1900 652 2053 700 tanqudm
2071 654 2254 700 specialiter

1428 699 1609 732 demandari
1626 699 1723 741 solita
1740 724 1749 734 .

1312 755 1350 778 21
1379 745 1451 786 Nec
1463 746 1597 779 veniunt
1610 757 1645 780 ca
1660 770 1670 785 ,
1683 757 1751 792 quae
1765 746 1949 788 constituens
1964 747 2179 793 verisimiliter
2194 762 2255 786 non

1424 791 1563 833 faceret.

1314 850 1354 872 22
1382 838 1555 882 Verisimile
1566 850 1625 873 non
1639 837 1677 879 eli
1692 863 1701 878 ‚
1726 839 1807 883 quod
1821 841 2007 883 constituens
2029 843 2115 878 velit
2129 845 2255 890 emphy-

1425 887 1579 920 teuticare
1597 887 1705 920 manui
1717 895 1845 922 mortuae
1862 912 1872 926 ,
1896 888 1937 923 ab
1951 901 2050 937 eaque
2063 892 2252 936 quindennia

1427 934 1552 977 exigere
1564 944 1634 967 cum
1647 932 1778 967 notabili
1790 934 1973 980 praejudicio
1989 961 1999 970 .

1312 991 1350 1023 23
1382 986 1434 1015 Ex
1456 981 1632 1025 quietantia
1643 982 1867 1015 Procuratoris
1889 981 2045 1027 probatur
2065 982 2249 1027 exburfatio

1426 1036 1560 1072 pecuina?
1573 1051 1582 1060 ο

1310 1085 1354 1117 24
1377 1076 1394 1104 Ι
1397 1073 1588 1116 nverisimile
1598 1071 1655 1112 est,
1671 1071 1753 1116 (subd
1767 1076 1840 1120 quis
1853 1083 1909 1120 pro
1922 1078 2084 1111 exallione
2096 1078 2244 1123 quinden-

1423 1122 1546 1155 niorum
1560 1120 1643 1154 velit
1661 1123 1843 1156 renunciare
1864 1120 1930 1166 iuri
1947 1124 2142 1170 praelationis
2156 1124 2250 1170 [uper

1422 1167 1608 1202 alienatione
1622 1193 1631 1201 .

1306 1225 1343 1256 25
1373 1212 1478 1249 Verba
1489 1214 1650 1259 generalia
1661 1216 1852 1260 generaliter
1865 1215 2067 1263 intelligenda
2085 1243 2095 1253 .

1362 1309 1828 1347 CAPITULUM
1878 1312 2070 1347 LXXVIII.

1278 1410 1352 1488 C
1368 1403 1438 1437 Um
1451 1413 1518 1436 non
1533 1401 1657 1447 semper
1674 1405 1846 1441 Dominus
1866 1405 2013 1442 directius
2039 1417 2097 1451 pet
2116 1406 2149 1444 se

1378 1450 1506 1493 exigere
1521 1451 1628 1485 valeat
1642 1452 1888 1498 quindennium
1906 1455 1926 1487 a
1941 1465 2043 1489 manu
2058 1464 2151 1490 mor-

1276 1507 1336 1534 tua
1350 1497 1503 1532 Domina
1514 1497 1596 1536 utili,
1610 1496 1659 1532 seu
1676 1499 1918 1546 Einphyteuta‚
1935 1503 1985 1535 vel
2000 1512 2040 1536 ex
2050 1499 2151 1538 causa

1276 1543 1530 1590 impedimenti,
1557 1545 1605 1578 vel
1621 1544 1773 1581 absentiae
1801 1548 1820 1581 a
1844 1549 1921 1582 loco
1932 1549 2147 1587 exactionis,

1277 1595 1327 1627 vel
1348 1604 1387 1626 ex
1411 1590 1477 1625 alia
1490 1590 1582 1625 simili
1598 1615 1609 1630 ,
1634 1591 1688 1627 sed
1713 1604 1767 1637 per
1786 1595 2039 1629 Procuratorem
2065 1596 2148 1631 illud

1275 1639 1404 1685 exigere
1419 1647 1510 1672 curet
1531 1638 1546 1680 (
1561 1639 1656 1682 quod
1669 1637 1777 1674 facere
1801 1639 1888 1684 poss'e
1913 1652 1980 1676 non
2006 1641 2144 1678 dubita-

1276 1691 1377 1729 mus)
1400 1687 1471 1719 tam
1485 1685 1530 1719 ad
1541 1683 1693 1721 effice-mn
1707 1686 1893 1730 indagandi
1907 1711 1917 1726 ,
1943 1699 1984 1723 an
1997 1687 2082 1723 bene*
2095 1687 2146 1724 so-

1275 1735 1385 1770 lutum
1399 1732 1557 1777 linquam
1570 1733 1671 1768 etiam
1685 1733 1731 1768 ad
1742 1732 1896 1768 effectum
1909 1733 2149 1780 recognoscen-

1277 1781 1311 1815 di
1329 1779 1518 1815 Dominam
1531 1780 1647 1815 utilem
1663 1804 1672 1818 ,
1686 1779 1737 1815 seu
1753 1780 1785 1815 in
1799 1780 2063 1826 Emphyteutam
2075 1794 2148 1818 ma-

1277 1839 1358 1862 num
1372 1835 1556 1865 mortuam,
1564 1836 1667 1871 prout
1678 1827 1711 1861 in
1727 1829 1828 1862 talem
1843 1828 2037 1875 recognosci
2052 1828 2147 1864 intel-

1276 1875 1393 1919 ligitur
1403 1884 1621 1919 quaecumque
1632 1873 1770 1919 persona
1781 1874 1912 1918 privata
1926 1899 1935 1913 ‚
1950 1875 1993 1909 ab
2007 1875 2063 1910 illa
2077 1877 2146 1911 lau-

1276 1922 1424 1957 demium
1437 1919 1606 1966 exigendo
1617 1945 1627 1959 ,
1654 1921 1744 1956 adeo
1756 1945 1765 1960 ,
1778 1932 1816 1955 ut
1830 1922 2056 1966 perlaudemii
2068 1934 2146 1958 exa-

1276 1969 1424 2005 &ionem
1448 1967 1621 2002 Dominus
1645 1968 1791 2003 directus
1811 1980 1880 2003 non
1903 1967 2004 2015 poffit
2027 1969 2142 2014 postea
2170 1985 2186 2009 1

1274 2015 1474 2063 praetendere
1500 2014 1552 2049 ius
1567 2015 1771 2058 praelationis
1797 2014 1892 2061 super
1918 2015 2145 2053 venditione>

1273 2064 1374 2110 ipsius
1385 2061 1479 2098 fundi
1490 2062 1734 2108 emphyteutici
1758 2073 1799 2098 ex
1821 2061 1956 2098 traditis
1972 2074 2026 2108 per
2040 2065 2144 2108 Nigr.

1272 2113 1309 2146 de
1322 2111 1457 2145 laudem.
1471 2118 1543 2144 tom.
1554 2121 1580 2143 1.
1593 2120 1646 2154 qu.
1659 2121 1715 2153 30.
1728 2121 1801 2144 nu.1
1813 2121 1842 2144 1.
1853 2111 2016 2156 cumseqq.
2032 2113 2074 2147 Θ
2087 2120 2144 2156 per

1271 2167 1328 2193 tot.
1341 2160 1382 2192 (5-
1394 2168 1448 2201 qu.
1466 2167 1520 2198 31.
1534 2166 1619 2189 nurn.
1638 2159 1731 2196 36.in
1743 2158 1879 2202 princip.
1899 2156 2012 2199 versic.
2022 2158 2054 2190 in
2067 2154 2141 2199 casu

1268 2215 1385 2242 autem,
1398 2205 1530 2237 Tondut.
1542 2202 1726 2243 resol-civil.
1737 2212 1806 2247 par.
1815 2215 1842 2237 r.
1858 2211 1984 2248 cap-23.
1995 2213 2079 2237 num.
2088 2215 2099 2237 1
2109 2215 2144 2247 3.

1269 2251 1466 2292 Eminentiss.
1481 2250 1647 2283 mearam.
1664 2250 1852 2283 Corradinus
1865 2273 1874 2288 ‚
1890 2250 1974 2284 olim
1992 2250 2140 2286 strenuus

1267 2297 1304 2334 in
1320 2298 1411 2332 Urbe
1425 2297 1628 2330 Advocatus
1643 2319 1651 2334 ,
1665 2306 1705 2330 ac
1720 2297 1838 2341 postea
1854 2295 2053 2331 Pontificius
2068 2300 2142 2332 Au-.

1268 2344 1373 2383 ditor,
1387 2348 1418 2378 δι
1428 2341 1724 2386 8.(ἶοι1ς.ΕοηείΙίἰ
1740 2340 1929 2381 Ρτεεϊεᾶιιε,·
1937 2345 1973 2378 de
1984 2342 2054 2388 jure
2064 2352 2141 2389 ρηο-

1267 2393 1378 2427 latiori.
1393 2401 1467 2438 qu.3
1478 2401 1507 2424 1.
1518 2400 1665 2432 num.99.
1677 2389 1756 2424 oriri
1769 2388 1852 2423 solet
1864 2391 2043 2425 contentio
2053 2390 2140 2424 inter

1269 2449 1409 2472 manum
1424 2447 1594 2472 mortuam
1608 2435 1788 2471 solventem
1805 2461 1814 2475 ,
1829 2440 1860 2470 ὃς
1880 2440 2138 2471 Procuratorem

1268 2483 1538 2530 recipientem,ac
1549 2482 1652 2517 eriam
1664 2483 1750 2518 inter
1763 2482 2046 2528 principalem‚seu
2058 2494 2139 2517 con-

1268 2531 1471 2568 stituentem,
1484 2527 1576 2576 super
1589 2528 1677 2565 facta
1688 2528 1851 2565 solutione
1862 2529 2061 2575 quindennii
2071 2555 2079 2568 ,
2095 2541 2138 2567 an

1267 2578 1389 2622 nempe
1401 2577 1484 2612 bene
1496 2603 1504 2616 ,
1518 2579 1565 2610 vel
1577 2578 1664 2611 male
1678 2576 1823 2611 solutum
1836 2576 1892 2616 lit,
1905 2577 2001 2622 quod
2015 2577 2136 2621 depen-

1266 2625 1325 2661 det
1335 2626 1379 2660 ab
1390 2623 1603 2669 inspectione,
1618 2635 1659 2658 an
1676 2627 1880 2659 Procurator
1896 2623 2056 2669 recipiens
2071 2621 2131 2657 ha:-

1266 2673 1375 2707 buerit
1387 2673 1419 2706 in
1433 2670 1600 2705 mandato
1615 2669 1812 2705 facultatem
1827 2671 1982 2715 exigendi
1995 2679 2131 2716 quoque

1265 2718 1511 2765 quindennium
1527 2743 1537 2758 ,
1559 2718 1642 2752 alias
1656 2728 1775 2751 manus
1799 2728 1936 2753 mortua
1957 2717 2048 2753 male
2069 2716 2132 2751 sol·

1267 2777 1357 2803 vens,
1372 2765 1534 2800 tenebitur
1548 2764 1669 2799 iterum
1686 2763 1807 2798 solvere
1822 2764 1975 2804 Domino
1986 2764 2131 2800 direeto,

1266 2815 1316 2848 vel
1329 2812 1414 2847 illius
1430 2811 1583 2858 legitimo
1599 2811 1812 2846 procuratori
1827 2837 1835 2852 ‚
1859 2822 1898 2846 ac
1921 2820 2065 2853 repetere
2090 2808 2134 2843 ab

1263 2859 1384 2897 eodem
1395 2861 1508 2905 primo
1521 2862 1741 2896 Procuratore
1751 2857 1943 2903 recipiente,
1958 2865 2131 2901 reportata

1267 2907 1312 2944 ad
1324 2906 1410 2941 hunc
1423 2906 1576 2941 effeerum
1589 2904 1732 2940 ceffione
1741 2904 1874 2951 Jurium
1885 2904 1905 2938 ἐι
1917 2902 2069 2936 Domino
2083 2901 2135 2935 di·

1268 2957 1361 2991 recto
1376 2980 1385 2995 ,
1408 2965 1478 3000 quo
1492 2953 1525 2987 in
1538 2951 1614 2987 casu
1626 2950 1692 2998 ipse
1708 2950 1878 2986 Dominus
1892 2947 1980 2984 nolit
1995 2947 2136 2994 experiri

1266 3002 1340 3038 iura
1354 2999 1410 3036 sua
1424 3000 1585 3036 adversus
1598 2998 1794 3043 praediGtum
1811 2996 1958 3042 primum
1973 2999 2134 3031 Procura-

1268 3059 1377 3084 torem
1393 3074 1402 3089 ,
1418 3047 1507 3082 unde
1521 3044 1801 3082 adiudicandum
1816 3042 2014 3087 qualitatem
2025 3041 2135 3086 legiti-

1268 3096 1315 3130 mi
1329 3094 1559 3130 Procuratoris
1573 3118 1582 3131 ‚
1608 3092 1660 3126 cui
1673 3091 1748 3126 turo
1762 3088 1842 3124 solvi
1855 3087 1957 3134 poffit
1968 3090 2133 3135 quinden-

1266 3144 1372 3181 nium‚
1386 3145 1418 3176 ὃ(
1430 3141 1484 3176 cui
1495 3140 1655 3175 solvendo
1667 3162 1676 3176 ‚
1691 3147 1812 3171 manus
1824 3145 1958 3171 mortua
1968 3147 2133 3181 recogno-
2187 3157 2191 3161 -

1266 3190 1308 3225 sci
1324 3187 1532 3223 censeaturin
1549 3183 1734 3219 Dominam
1750 3182 1865 3218 utilem
1880 3207 1889 3222 ‚
1912 3182 2127 3219 adnectimus

1266 3238 1299 3272 in
1312 3233 1458 3281 praesenti
1472 3259 1481 3274 ,
1502 3231 1597 3277 quod
1613 3231 1655 3263 ad
1670 3229 1872 3275 exigendum
1887 3230 2131 3276 quindennium
2156 3241 2176 3268 2-

1267 3286 1287 3318 ἐι
1302 3293 1404 3317 manu
1417 3289 1552 3314 mortua
1567 3277 1719 3315 Domina
1734 3277 1804 3312 utili
1820 3289 1886 3312 non
1901 3276 2007 3312 solum
2021 3276 2129 3323 requi-

1265 3331 1348 3364 ritur
1367 3327 1502 3372 speciale
1522 3324 1723 3358 mandatum
1739 3325 1883 3359 Domini
1910 3323 2028 3359 directi
2042 3348 2051 3363 ‚
2075 3321 2128 3358 sed

1264 3375 1367 3425 etiam
1382 3370 1601 3409 individuale,
1613 3381 1689 3404 curn
1705 3369 1962 3415 specificatione,
1977 3370 2027 3405 seu
2039 3369 2126 3404 indi-

1266 3419 1462 3456 viduatione
1478 3417 1628 3454 nominis
1641 3418 1766 3463 proprii
1781 3417 1888 3458 fundi,
1903 3422 1933 3453 &
1947 3426 2042 3454 cettae
2054 3425 2127 3450 ma·

2020 3472 2083 3497 nus
