2295 3757
614 101 712 166 De
729 101 1195 188 Qindenniis,
1211 109 1370 196 Cap.
1390 114 1573 182 CVI.

110 216 158 250 10
182 211 216 247 in
236 211 355 248 habitu
372 211 640 253 prothonotarii,
654 213 777 249 definit
791 217 1062 262 quodammodo

184 258 244 294 esse
259 260 469 298 canonicus,
485 261 696 306 proindeque
711 273 778 297 non
795 265 936 308 percipit
950 265 1061 301 distri-

180 307 338 342 butiones
351 334 358 347 ‚
381 307 532 343 desinens
554 316 667 342 autem
684 307 797 343 saltem
822 309 956 346 iit‘tione
971 312 1059 359 Iuris

180 353 242 389 cll'e
267 354 488 392 canonicus,
509 354 630 389 delinit
653 355 757 390 etiam
780 357 899 393 eadem
923 359 1058 394 fictione

181 400 272 447 ⁴{uris
284 401 345 438 else
362 401 581 446 Capitularis,
598 400 706 446 sicque
719 414 787 438 non
804 405 944 448 percipit
957 408 1057 451 quin-

181 449 318 489 dennia,
332 458 506 495 reputatus
519 458 696 494 tamquam
712 461 890 485 extraneus
902 453 944 487 ad
958 457 1054 489 aetus

180 496 396 542 Capitnlares
416 495 586 540 Pignatell.
609 495 737 537 consult.
759 500 901 533 canonic.
927 509 1002 534 tom.
1019 514 1053 543 4.

177 545 366 588 conl'ult.76.
379 554 457 585 nu.4
479 543 795 589 praterquamquod
811 545 824 583 <
837 555 873 580 ut
884 547 1052 589 ponderat

178 591 374 632 'Pnfcmaacl
384 590 647 632 eanmvignatell.
657 599 766 624 tom.2.
778 594 868 626 citae
877 594 1034 631 Protbono
1042 612 1051 618 -

176 646 242 672 tar.
254 636 464 683 Apostolfol.
478 636 552 670 mih.
566 647 644 679 275.
656 638 747 672 col.2.
760 639 791 672 in
804 641 881 674 med.
897 640 1054 684 versiculo

177 685 358 732 aeques-zris
382 682 449 725 esl)
472 693 541 717 non
557 682 735 718 incurritur
748 683 929 722 solumodo
952 700 1053 733 poena

180 729 369 769 amillionis
385 729 661 765 distributionum]
683 734 701 766 a
717 734 895 769 Canonico
911 735 1055 771 Protho-

179 778 316 816 notario
343 776 392 812 uti
415 779 547 812 volente
573 777 689 813 babitu
706 781 961 816 Prothonotarii
987 782 1054 818 im·

181 826 320 865 choro,
347 827 382 859 &
401 823 584 869 Capitulo,
608 823 662 860 sed
685 826 788 861 etiam
805 839 905 872 poena
926 830 1053 873 (utitci

106 885 152 915 u
177 874 293 911 dicam
318 871 551 908 extraneitatis
573 896 583 910 ,
618 873 712 919 quod
738 875 858 920 nempe
883 887 1052 921 reputetur

105 914 110 918 ”
178 931 357 959 extraneus
380 919 428 954 ita
448 918 643 955 declarante
655 923 751 956 Sacra
776 923 1050 967 congregatione

177 968 286 1006 Ritusi
301 967 334 1002 in
350 966 569 1011 praeallcgatis
582 964 850 1009 resolutionibus,
860 971 1050 1014 quamobre

176 1013 418 1064 proculdubio
435 1014 494 1048 tali
506 1012 579 1048 casu
595 1025 661 1049 non
675 1016 782 1059 potest
797 1015 942 1060 amplius
956 1027 1050 1060 repu-

174 1064 241 1101 tari
266 1059 474 1107 Capitularis
492 1085 502 1099 ‚
530 1058 580 1096 seu
605 1061 802 1107 collegialis
824 1062 870 1097 ad
893 1061 1049 1100 effectum

177 1109 331 1149 lucrandi
346 1108 554 1156 quindennia
564 1132 574 1146 ,
589 1119 667 1143 cum
681 1108 932 1152 incompatibile
947 1110 997 1150 fit,
1015 1115 1049 1148 ἃς

175 1155 483 1197 contradictorium
496 1154 608 1191 haberi
621 1167 682 1201 pro
693 1165 864 1195 extraneo,
879 1160 911 1192 &
925 1158 1048 1194 eodem

176 1215 332 1251 tempore
353 1202 414 1238 else
429 1202 658 1248 Capitularem
671 1215 682 1242 ;
708 1202 759 1237 his
782 1203 1050 1241 omnibusnihil-

177 1252 317 1290 ominus
335 1261 406 1286 non
424 1249 657 1284 obstantibus.
685 1248 849 1285 veriffima
869 1252 913 1286 est
937 1253 1049 1289 nostra

178 1297 377 1346 principalis
387 1295 542 1331 resolutio
555 1319 564 1333 ,
583 1295 665 1341 quia
678 1295 722 1332 ad
732 1298 934 1334 lucrandum
949 1299 1049 1345 quin-

177 1346 305 1384 dennia
319 1356 387 1379 non
399 1341 443 1379 est
455 1341 645 1378 necessarius
657 1343 791 1379 habitus
804 1346 1021 1383 Canonicalis
1035 1373 1045 1388 ‚

176 1402 281 1444 prout
293 1389 488 1427 necessarius
508 1388 554 1425 est
565 1389 611 1426 ad
624 1391 823 1427 lucrandum
837 1393 1045 1429 distributio-

175 1453 235 1478 nes
250 1464 260 1479 ,
273 1438 350 1474 cum
359 1437 427 1472 istae
440 1436 563 1472 dentur
577 1438 761 1473 canonicis
772 1439 821 1474 uti
835 1440 1042 1483 Canonicis‚

173 1491 207 1525 ἃ
220 1489 277 1523 illa
289 1485 410 1522 dentur
424 1484 615 1520 canonicis
627 1497 697 1520 non
707 1485 758 1521 uti
773 1485 972 1526 canonicis,
987 1488 1040 1524 sed

170 1535 222 1583 pti
239 1531 513 1580 capitularibus,
541 1544 614 1577 quae
627 1532 913 1571 circumstantiam
928 1536 1040 1572 diver-

175 1582 282 1620 filicat
305 1591 410 1615 unum
423 1577 534 1614 casum
546 1579 590 1614 ab
604 1579 673 1614 alio
687 1606 696 1614 .

220 1627 358 1675 Qibus
368 1626 487 1672 politis
497 1650 506 1665 ,
522 1625 662 1672 superest
677 1627 878 1668 difficultas,
893 1630 978 1675 quid
991 1631 1043 1665 di-

168 1677 329 1714 cendum,
346 1674 368 1708 fi
383 1673 416 1708 iu
430 1672 586 1712 Ecclesia,
601 1673 635 1708 in
648 1685 716 1719 qua
732 1677 824 1711 adest
837 1675 1038 1713 eanonicus

168 1719 460 1760 Prothonorarius
471 1745 480 1760 ,
492 1720 605 1765 vigeat
617 1723 788 1757 statutum
800 1724 962 1766 iuratum,
977 1725 1040 1760 im-

167 1770 231 1808 mo
243 1769 348 1805 etiam
360 1767 395 1802 in
409 1765 519 1802 forma
533 1766 684 1813 specifica
705 1768 726 1804 a
739 1770 821 1805 Sede
838 1771 1038 1814 Apostolica

167 1815 412 1855 confirmatum
427 1840 435 1853 ‚
449 1815 627 1860 injungens
637 1816 823 1852 canonicis
838 1817 932 1854 usum
942 1820 1037 1855 habi-

169 1875 226 1902 tus
239 1861 481 1900 canonicalis,
495 1860 529 1897 iu
542 1862 646 1898 literis
662 1863 978 1902 prothonotariatus
994 1869 1039 1902 le-

169 1921 272 1958 gatur
284 1909 466 1954 derogatio
475 1911 651 1944 statutort't
662 1912 1037 1953 contrariorun³‚titru1n

168 1960 288 1997 saltem
297 1956 357 1992 tali
370 1954 445 1990 casu
459 1956 653 1991 canonieus
667 1981 676 1994 ‚
691 1960 913 2002 quantumvis
924 1970 1039 1997 utatur

167 2004 288 2043 habitu
302 2001 562 2037 prothonotarii
576 2027 586 2041 ,
601 2002 826 2039 nihilominus
837 2006 1037 2053 participare

167 2050 272 2099 poffit
283 2051 327 2086 de
340 2049 559 2096 quindenniis
572 2074 581 2088 ‚
609 2051 702 2095 quali
713 2053 808 2096 quod
822 2064 879 2096 per
892 2053 1038 2102 deroga-

167 2100 297 2136 tionem
325 2098 540 2132 Statutorum
565 2093 692 2132 sublata
715 2099 753 2133 lit
781 2099 955 2136 neceffitas
977 2115 1036 2148 ge·

167 2145 281 2183 standi
292 2143 446 2179 habiturn
463 2144 719 2184 canonicalem,
735 2149 767 2181 δι
779 2146 959 2189 crederem,
973 2150 1034 2186 ad-

163 2193 232 2229 huc
252 2192 286 2226 in
300 2191 367 2226 hoc
379 2188 456 2225 casu
480 2202 550 2225 non
572 2189 633 2226 esse
648 2193 760 2228 locum
783 2194 946 2238 praetensae
958 2208 1036 2242 par-

165 2238 363 2285 ticipationi
387 2236 677 2284 quindenniorum
697 2264 707 2279 ,
733 2240 861 2286 quippe
888 2245 938 2278 vel
964 2243 1033 2281 sola

163 2286 332 2334 generalis
356 2284 540 2330 derogatio
563 2297 630 2321 non
645 2284 794 2329 sufficit,
815 2290 866 2324 vel
893 2289 949 2326 illa
963 2303 1032 2328 non

164 2334 356 2371 extenditur
380 2331 426 2367 ad
447 2330 636 2372 huiusmodi
658 2337 851 2375 Statuturm
876 2338 972 2384 quod
985 2339 1031 2375 est

162 2378 382 2425 compatibile
399 2390 476 2413 cum
491 2378 601 2424 gratia
617 2381 936 2420 Prorhonotariatus
950 2410 960 2426 ,
974 2385 1031 2421 sed

165 2427 364 2474 intelligitur
379 2425 421 2460 de
435 2425 592 2465 statutis,
606 2429 770 2472 quatenus
779 2441 902 2470 extent,
915 2433 1030 2478 gratiae

94 2489 107 2513 1
118 2489 134 2512 2
161 2475 339 2511 contrariis
354 2498 364 2513 ,
390 2473 439 2507 vel
456 2471 502 2507 est
517 2473 662 2510 restrieta
675 2477 720 2510 ad
737 2480 869 2513 Statura
884 2480 1030 2526 collegii

163 2524 340 2558 lllriiorum
356 2519 698 2556 prothonotariorum
721 2524 1004 2570 Participantium
1020 2553 1029 2567 ‚

163 2568 269 2605 veluti
295 2569 327 2603 in
343 2566 439 2604 simili
465 2566 510 2601 ad
533 2566 626 2602 aliud
641 2570 850 2613 propositum
866 2575 1033 2616 ponderat

159 2616 338 2662 Pignatell.
351 2612 628 2657 consult-canonic.
644 2624 754 2662 tom.4
765 2621 955 2665 consult-76.
967 2634 1033 2666 ππ).

231 2733 864 2787 ARGUMENT‘UM.

1861 144 1998 210 3403

1359 227 1872 270 SUMMARIUM.

1172 326 1185 351 1
1212 321 1346 354 ‘Praelati
1354 320 1516 361 inferiores
1530 347 1538 361 ‚
1564 326 1606 358 (θ’
1622 329 1850 360 Procuratores
1870 330 2089 375 Episcoporum

1265 367 1485 411 impeditorum
1497 395 1505 410 ‚
1528 372 1559 404 in
1572 373 1724 406 conciliis
1734 372 1849 408 habent
1860 374 1961 415 solum
1976 388 2091 413 zetum

1262 414 1480 455 conl'ultivum
1494 442 1502 450 .

1168 468 1186 491 2
1213 459 1363 506 Idemque
1376 465 1574 542 [praelientur
1589 467 1621 499 in
1634 466 1854 502 'Parlamentis
1869 492 1878 506 ,
1892 468 1946 510 scu
1962 475 2090 516 Conge-

1247 510 1374 551 gationi
1398 521 1436 543 us
1454 509 1527 551 fieri
1546 512 1650 553 solttis
1665 522 1721 557 per
1735 515 1973 557 Univerfitates
1989 521 2090 563 Regni

1255 556 1468 600 'Neapolitani
1487 558 1580 603 super
1592 559 1794 595 emtionibus
1806 560 1995 606 officialium
2007 589 2016 597 .

1162 608 1177 640 3
1207 598 1392 645 Difflrentia
1416 605 1496 638 inter
1511 614 1628 641 votum
1653 607 1871 650 consultivum
1883 634 1893 649 ,
1916 613 1960 646 Θ·
1984 610 2088 655 decisi-

1255 658 1339 682 vum
1355 674 1364 682 .

1161 702 1185 736 4
1208 693 1245 727 In
1256 697 1414 732 nonnullis
1427 698 1569 741 Ecclesiis
1592 700 1707 742 adsunt
1721 704 1868 738 canonici
1878 702 2085 748 habentesso-

1258 741 1324 776 lam
1335 753 1449 779 vocem
1475 746 1686 787 consultivam
1711 750 1743 783 in
1757 751 1902 794 Capitulo
1922 752 2019 798 usque
2042 755 2085 788 ad

1255 798 1376 825 certum
1384 800 1508 838 tempus
1522 818 1531 826 .

1163 843 1177 874 ς
1206 838 1244 868 ln
1266 838 1424 872 nonnullis
1435 839 1654 885 Religionibus
1679 844 1795 888 vigent
1823 850 1950 880 Statura
1965 871 1975 886 ,
2000 845 2082 893 qued

1252 885 1394 924 Novitii
1403 896 1530 920 careant
1541 898 1623 922 voce
1635 896 1689 934 per
1699 892 1868 926 triennium
1886 892 1907 926 d
1922 892 2079 936 diesulte-

1250 932 1299 974 pn*
1311 930 1451 971 babitus,
1462 934 1520 968 vel
1532 944 1586 980 per
1602 938 1773 972 triennium
1789 938 1852 983 posi
1863 938 1999 986 emiffam
2007 950 2082 987 pro-

1245 976 1402 1020 feffionem
1417 1004 1427 1013 .

1158 1024 1181 1056 6
1207 1026 1370 1058 statutum
1395 1038 1454 1061 non
1476 1026 1565 1062 debet
1575 1027 1673 1074 obeffe
1684 1032 1846 1067 canonicis
1864 1034 1897 1067 in
1912 1034 2078 1080 acquiren-

1253 1071 1292 1104 do
1304 1073 1491 1117 quindennio
1505 1097 1514 1113 ,
1529 1080 1653 1121 quando
1663 1086 1719 1124 per
1729 1090 1782 1113 eos
1795 1091 1852 1114 non
1862 1079 1924 1122 liat
1936 1107 1944 1121 ,
1957 1083 2078 1126 quomi-

1250 1117 1310 1152 nus
1324 1129 1382 1152 non
1393 1118 1503 1167 poffint
1515 1121 1628 1157 habere
1638 1134 1752 1159 vocem
1766 1125 1938 1170 decifivam
1948 1153 1956 1162 .

1158 1177 1179 1210 7
1205 1166 1350 1200 Canonici
1362 1167 1394 1200 in
1404 1167 1507 1209 sacris
1519 1179 1578 1203 non
1592 1169 1748 1213 constituti
1759 1171 2078 1217 habentsolummodci

1250 1223 1364 1247 vocem
1378 1214 1594 1254 confultivam
1608 1241 1617 1251 .

1157 1262 1176 1296 8
1202 1263 1277 1295 Vox
1290 1259 1472 1303 consultiva
1485 1260 1620 1298 habetur
1642 1273 1697 1311 pro
1712 1278 1770 1302 non
1782 1277 1863 1304 voce
1873 1293 1882 1303 .

1315 1353 1788 1397 CA'PITULUM
1836 1364 1967 1400 CVII.

1162 1447 1331 1490 Raemifl'o,
1342 1451 1436 1497 quod
1451 1451 1483 1486 in
1497 1454 1569 1496 jure
1582 1454 1697 1490 nostro
1712 1455 1814 1492 etiam
1829 1457 1974 1494 babetur

1182 1507 1298 1532 votum
1314 1496 1540 1534 consultivum
1560 1502 1694 1537 tantum
1719 1503 1752 1538 in
1770 1505 1873 1540 certis
1893 1506 1975 1542 cafi-

1100 1543 1165 1577 bus
1180 1569 1189 1583 ,
1212 1544 1362 1590 illudque
1380 1545 1565 1582 dumtaxat
1578 1549 1748 1592 praestatur
1759 1551 1779 1587 a
1789 1553 1889 1588 certis
1903 1564 1975 1598 per-

1101 1588 1190 1626 sonis
1202 1617 1210 1630 ,
1227 1595 1340 1636 quales
1351 1592 1424 1627 sunt
1444 1594 1577 1629 Praelati
1592 1594 1776 1638 inferiores,
1790 1610 1974 1645 quantum·

1102 1637 1153 1672 vis
1169 1639 1332 1674 habentes
1341 1639 1606 1682 jurisdictionem
1620 1644 1711 1689 quasi
1726 1646 1971 1692 Episcopalem,

1101 1688 1134 1719 δι
1157 1687 1324 1730 Populum
1342 1711 1351 1725 ‚
1366 1688 1586 1724 nihilominus
1600 1688 1650 1724 isti
1664 1713 1676 1728 ,
1689 1694 1720 1725 &
1730 1695 1972 1729 Procuratores

1100 1730 1342 1779 Episcoporum
1357 1734 1602 1778 impeditorum
1613 1761 1623 1776 ‚
1635 1737 1820 1786 reliquique
1834 1739 1894 1775 viri
1907 1741 1972 1776 do-

1097 1779 1154 1819 ἃί,
1168 1789 1206 1814 ut
1218 1779 1384 1825 Theologi
1398 1805 1407 1819 ‚
1424 1785 1456 1815 δι
1471 1783 1674 1823 Canonistae,
1692 1788 1742 1820 vel
1753 1787 1798 1821 ad
1813 1787 1970 1825 eoncilia

1098 1826 1288 1874 Synodalia
1304 1828 1416 1863 vocati
1429 1852 1438 1867 ‚
1454 1838 1574 1864 votum
1587 1829 1809 1868 consultivum
1822 1834 1970 1876 habent,

1099 1874 1160 1908 nili
1174 1874 1255 1918 iplis
1266 1876 1524 1911 concanonicis
1547 1879 1730 1922 placuerit,
1754 1881 1850 1927 quod
1865 1883 1971 1918 etiam

1099 1932 1221 1956 vocem
1232 1921 1413 1959 decilivam
1430 1923 1694 1963 habeant,oliva
1705 1929 1743 1962 de
1744 1928 1816 1972 foro
1830 1929 1968 1973 Ecclefiae

1095 1976 1202 2014 par-3.
1218 1972 1308 2015 qu.8.
1319 1983 1425 2012 num.5
1435 1984 1465 2013 5.
1479 1983 1549 2006 cum
1556 1973 1725 2022 plurfeqq-
1736 1975 1842 2022 junlio
1853 1981 1967 2012 nu.6o.

1098 2016 1134 2050 t'n
1138 2014 1203 2058 fine
1216 2018 1302 2060 vers.
1319 2016 1379 2053 ubi
1388 2017 1492 2064 affierit
1505 2043 1515 2058 ,
1540 2020 1698 2065 idemque
1717 2024 1917 2067 practicatur
1931 2026 1966 2059 in

1098 2064 1341 2105 Parlamentis,
1365 2063 1416 2100 seu
1434 2068 1766 2112 congregationibus
1779 2068 1847 2105 fieri
1863 2069 1965 2107 solitis

1095 2120 1151 2155 per
1164 2109 1404 2147 Univerfitates
1415 2113 1527 2158 Regni
1541 2114 1759 2160 Neapolitani
1786 2115 1877 2162 super
1899 2122 1964 2155 ele-

1094 2156 1267 2196 ctionibus,
1293 2157 1508 2195 officialium
1522 2185 1531 2199 ‚
1554 2171 1595 2196 ac
1607 2163 1966 2203 Adini22istratoru111..

1094 2204 1371 2248 pecuniariorum
1395 2207 1577 2243 earundem
1601 2209 1867 2248 Univerfitatum
1885 2238 1898 2254 ,
1922 2225 1965 2250 ac

1092 2248 1186 2297 super
1199 2252 1272 2288 aliis
1285 2263 1401 2288 earum
1424 2255 1641 2292 occurrentiis
1653 2281 1664 2296 ,
1692 2268 1770 2293 cum
1798 2260 1886 2296 votis
1910 2272 1963 2297 ta·

1092 2309 1169 2333 men
1182 2297 1379 2336 consultivis
1391 2299 1584 2342 dumtaxat,
1597 2303 1676 2338 teste
1691 2304 1861 2342 Barbat-de
1870 2311 1961 2344 divi-

1085 2344 1169 2388 sione
1175 2346 1275 2390 fruet.
1287 2357 1360 2394 par.
1368 2359 1380 2382 1
1388 2373 1397 2382 .
1409 2354 1534 2394 cap.16.
1548 2361 1632 2385 num.
1640 2363 1653 2386 1
1661 2362 1693 2395 4.
1702 2352 1775 2388 'ante‘
1784 2357 1864 2390 med.
1872 2356 1960 2401 vers.

1090 2404 1150 2427 non
1160 2393 1431 2438 pertineaDiffert
1445 2406 1558 2432 autem
1572 2408 1690 2433 votum
1700 2399 1924 2439 consultivum
1938 2403 1960 2439 a

1093 2440 1255 2479 decisivo,
1270 2441 1493 2478 consultivum
1506 2445 1592 2479 enim
1608 2446 1759 2481 confistit
1769 2448 1802 2483 in
1813 2449 1956 2498 simplici

1092 2487 1302 2532 praestatione
1326 2489 1455 2524 confilii
1472 2490 1594 2538 absque
1609 2491 1802 2530 neceffitate
1813 2495 1898 2533 illud
1913 2496 1958 2534 se-

1091 2533 1217 2579 quendi
1231 2559 1241 2574 ,
1269 2539 1300 2569 &
1327 2537 1510 2572 deciiivum
1532 2539 1700 2584 dependet
1724 2540 1746 2576 a
1771 2540 1933 2582 sententia
1943 2571 1956 2586 ,

1095 2592 1168 2625 quae
1181 2579 1345 2626 sequenda
1359 2583 1416 2621 est,
1429 2589 1558 2629 Lezana
1569 2587 1958 2635 quastiontlzegularaeoa.

1095 2635 1182 2673 cap.1
1191 2639 1206 2673 3
1215 2641 1387 2665 .n.21.cum
1394 2631 1480 2678 seqq.
1491 2635 1611 2678 Suarez
1624 2636 1660 2670 de
1674 2636 1834 2682 Religione
1844 2647 1958 2686 tamn*-

1093 2675 1493 2724 tratt.10.lib.10.c'ap.x.
1506 2686 1629 2716 num.6.

1142 2721 1338 2758 Videndum
1361 2724 1397 2759 in
1417 2722 1560 2770 praelenti
1573 2752 1583 2768 ,
1605 2728 1700 2776 quod
1716 2732 1884 2769 canonici
1897 2734 1957 2771 ha-

1091 2767 1209 2804 bentes
1228 2768 1333 2806 solam
1353 2783 1470 2807 vocem
1491 2774 1712 2811 consultivam
1737 2778 1772 2814 in
1791 2781 1956 2826 Capitulo

1040 2821 1044 2824 ’
1088 2813 1195 2862 usque
1217 2817 1262 2852 ad
1276 2828 1406 2853 certum
1430 2828 1562 2865 tempus
1583 2824 1598 2866 (
1613 2835 1713 2867 prout
1736 2826 1767 2860 in
1783 2829 1954 2864 nonnullis

66 2853 232 2890 canonici
248 2862 288 2887 ex
301 2853 439 2886 Statuto
451 2875 460 2889 ,
488 2851 539 2885 vel
553 2849 790 2890 consuetudine
806 2857 958 2894 Ecclesiae
971 2859 1031 2895 ha-

111 2903 228 2937 bentes
239 2911 354 2934 vocem
368 2899 505 2932 tantum
517 2896 740 2934 consultivam
755 2901 787 2936 in
804 2902 971 2950 capitulo
991 2907 1027 2941 in

109 2949 272 2984 omnibus
283 2946 415 2980 actibus
429 2944 689 2998 (Lapitularibus
707 2945 806 2993 usque
829 2953 874 2985 ad
895 2963 1025 2988 certum

112 3005 244 3040 tempus
270 2997 289 3027 a
304 2993 358 3028 die
373 3004 488 3028 eorum
506 2993 710 3037 receptionis
724 2999 994 3040 computandum
1010 3025 1022 3039 ,

109 3046 158 3077 vel
180 3053 238 3076 nec
252 3052 370 3075 vocem
394 3039 534 3084 quidem
558 3038 780 3074 consultivam
800 3043 962 3080 habentes
973 3046 1023 3082 us-

110 3101 175 3134 que
184 3089 228 3125 ad
239 3088 412 3134 praelixum
429 3086 711 3132 tempus‚interim
723 3089 923 3126 adveniente
936 3102 1022 3127 tem-

110 3146 191 3181 pore
205 3135 393 3170 exactionis
405 3133 703 3180 quindenniorum,
719 3135 829 3170 adhuc
840 3138 1020 3183 participa-

109 3193 144 3218 re
162 3182 293 3226 poss'unt
315 3183 356 3216 de
372 3181 588 3226 quindenniis
602 3180 750 3216 adinstar
769 3183 912 3218 aliorum
928 3186 1020 3220 Con-

107 3228 349 3264 canonicorum
371 3228 569 3262 habentium
594 3239 710 3263 vocem
725 3229 908 3265 decisivam
922 3255 932 3270 ,
953 3231 1020 3266 in„

108 3276 248 3311 nihilum
272 3274 424 3311 obstante
449 3275 622 3311 contrario
638 3278 771 3312 Statuto
784 3301 795 3317 ,
820 3275 872 3313 seu
885 3277 1021 3314 consue-

108 3322 225 3359 tudine
238 3346 248 3354 .

1091 2862 1211 2898 Ecclefi
1216 2864 1242 2898 is
1255 2867 1335 2900 tales
1348 2866 1452 2902 adesse
1463 2866 1561 2904 refert
1571 2872 1804 2908 earol..Anton.
1814 2877 1852 2910 de
1863 2881 1952 2910 Luca

1088 2911 1122 2944 in
1134 2912 1302 2946 animadv.
1317 2914 1358 2947 ad
1369 2916 1512 2950 Gratian.
1523 2918 1805 2964 disc.894.num.9.
1818 2931 1854 2956 ut
1868 2922 1951 2956 inte·

1083 2956 1149 2991 rim
1162 2956 1302 2998 niscant,
1317 2971 1391 3006 quae
1405 2960 1524 2998 abillis
1537 2965 1758 3009 postmodum
1782 2968 1845 3000 fint
1857 2977 1952 3011 pera-

1081 3004 1195 3049 genda
1208 3030 1218 3043 ,
1243 3009 1274 3040 &
1287 3005 1321 3040 in
1334 3009 1503 3044 nonnullis
1518 3011 1754 3055 Religionibus
1769 3012 1888 3048 similia
1898 3013 1949 3048 vi-

1081 3062 1157 3096 gere
1181 3056 1313 3088 statuta
1328 3078 1338 3092 ,
1362 3056 1459 3100 quod
1476 3058 1608 3092 Novitii
1632 3060 1712 3092 ante
1733 3058 1946 3103 profeifiouis

1079 3097 1287 3134 emiffionein
1310 3111 1447 3137 careant
1475 3115 1558 3137 voce
1581 3115 1640 3148 per
1655 3104 1835 3140 triennium
1860 3106 1880 3140 a
1889 3106 1946 3142 die
1995 3120 2013 3154 5

1080 3143 1296 3190 susceptionis
1309 3146 1389 3182 sacri
1403 3149 1547 3184 Ordinis
1560 3174 1570 3188 ‚
1597 3152 1644 3183 vel
1657 3162 1715 3195 per
1729 3150 1946 3189 triennium..

1080 3191 1154 3235 post
1168 3194 1314 3228 emiliam
1326 3193 1576 3238 profeffiouem,
1594 3198 1639 3230 vel
1652 3196 1748 3241 quod
1763 3196 1946 3237 solummo-

1079 3238 1129 3272 do
1146 3238 1382 3283 prudentiores
1393 3252 1426 3274 re
1440 3265 1451 3279 ,
1477 3244 1510 3275 &
1522 3251 1618 3276 aetate
1633 3242 1780 3280 habeant
1802 3258 1918 3283 vocem
1931 3273 1943 3289 ‚

1082 3283 1223 3318 testatur
1236 3287 1381 3320 Gratian.
1394 3289 1454 3321 dic.
1466 3286 1538 3330 disc.
1550 3291 1629 3332 894.
1642 3302 1763 3326 numa.
1777 3305 1847 3328 cum
1854 3295 1945 3343 seqq.

1084 3342 1122 3364 ac
1134 3341 1280 3372 num.19.
1292 3334 1399 3377 &eper-
1412 3335 1498 3375 tot.)
1513 3333 1731 3371 nihilominus
1743 3343 1946 3386 participare

1084 3375 1213 3422 poffint
1225 3378 1267 3412 de
1279 3378 1495 3461 quin-:Ilienniis
1508 3405 1519 3419 ‚
1541 3393 1644 3427 prout
1656 3384 1790 3430 poliunt
1809 3390 1866 3422 alii
1879 3393 1947 3425 ca-

1406 3437 1451 3463 ce
1484 3441 1504 3464 2.
1786 3446 1901 3470 nonici
