2295 3757
293 147 378 213 42.

442 225 954 272 SUMMARIUM.

270 348 287 378 r
315 333 492 382 Hospitalia
500 331 573 374 sitiit
583 326 738 364 LocaPia
751 347 761 362 ,
774 319 939 366 ‘valdeque
949 317 1003 364 pia
1015 340 1025 350 .

270 403 289 425 2
316 386 582 422 connumerantur
591 378 671 410 inter
685 383 732 405 res
742 370 875 405 divinas
888 390 898 400 .

272 448 289 480 3
318 439 460 476 Romana
471 422 560 460 vrbs
572 432 698 469 parvus
708 415 800 452 Orbis
815 414 853 457 esi
867 439 876 448 .

265 494 291 526 4
316 487 415 524 Roma
428 500 436 514 ,
447 477 490 511 Θ·
501 469 658 517 Neapolis
669 464 834 501 abundant
847 458 917 501 Hos
910 457 1066 504 pitalibus
1076 481 1087 493 .

270 541 285 572 5
316 526 385 568 Hos
381 522 497 571 pinalia
510 517 551 553 ab
563 514 745 561 hospitando
760 536 770 549 ,
787 506 1058 553 &hospitalitate
1068 529 1078 540 .

266 581 290 613 6
315 573 384 609 vbi
395 567 549 618 peregrini
559 563 693 600 mercede
702 559 900 604 hospitantur
915 577 926 594 ‚
940 555 1059 590 dicitur
1080 551 1182 598 hospi-

361 629 443 654 tium
457 640 466 650 .

267 680 290 715 7
315 667 403 705 „Anti
427 661 512 698 uitiis
524 659 659 706 hospitia
673 651 888 698 inserviebant
899 658 956 697 pro
965 643 1157 694 pauperibus
1171 669 1181 679 .

269 721 291 754 8
316 714 402 761 „Quid
420 708 579 755 sospitates
589 708 705 742 dextra
717 727 728 738 .

267 776 291 809 9
314 761 465 797 Homines
477 754 645 802 hospitales
657 777 668 787 .

247 822 291 848 ιο
315 806 474 858 Rejicitur
490 801 666 838 Gomalez
678 796 714 834 in
727 800 987 841 cap.1.num.4.
1005 788 1040 824 in
1055 795 1128 824 not.
1140 785 1183 824 de

360 861 529 899 emption.

249 917 264 942 1
275 916 289 941 1
320 901 398 938 Inde
407 900 504 935 etiam
519 897 601 932 ditia
615 891 811 939 Hospitalia.

250 965 264 988 ι
274 965 292 988 2
319 948 471 986 Triclinia
482 945 566 992 apud
575 950 701 978 veteres
711 939 789 984 quid
803 960 814 971 .

248 1012 263 1036 1
275 1009 290 1042 3
319 995 499 1041 Hospitium
510 1000 564 1037 pro
576 989 719 1024 amicitia
733 985 870 1028 ufitatur
883 1005 893 1016 .

247 1057 292 1091 14
316 1051 441 1081 Miinus
464 1039 622 1086 hospitum
650 1032 672 1069 d
686 1029 882 1079 Magistratu
908 1028 984 1064 olim
1005 1023 1186 1073 imponeba-

359 1099 434 1126 tur.

247 1151 286 1184 15
316 1137 390 1174 Inde
401 1133 611 1176 diversorium
621 1155 632 1165 .

246 1190 290 1223 16
314 1185 385 1228 Hos
379 1182 526 1231 pitalitas
538 1177 578 1220 est
585 1177 710 1223 signum
719 1171 996 1222 praedesiinationis
1008 1194 1019 1205 .

246 1247 289 1278 17
314 1234 376 1276 Hos
380 1228 500 1276 pitandi
509 1237 575 1261 mos
587 1223 724 1267 usitatus
737 1223 834 1256 etiam
847 1221 932 1264 apud
942 1216 1090 1254 Hebraeos
1103 1239 1114 1250 .

246 1293 261 1316 1
270 1284 289 1318 8
315 1279 387 1322 Hos
380 1278 523 1324 pitatura
535 1273 693 1319 quoddam
703 1269 850 1304 amicitia
860 1266 913 1313 ius
925 1267 1011 1310 apud
1019 1264 1182 1310 antiquos.

247 1340 260 1363 1
268 1341 290 1372 9
315 1326 386 1368 Hos
379 1326 527 1371 pitaturae
539 1317 720 1363 hujusmodi
729 1317 816 1351 ditia
827 1314 975 1358 Emporia
983 1336 993 1346 .

246 1388 292 1410 20
316 1373 443 1418 ‚aliqu-i
456 1369 574 1403 codices
586 1367 651 1401 loco
663 1364 864 1409 hospitatum
873 1361 982 1404 legunt
991 1357 1114 1404 hospita
1126 1381 1137 1392 .

245 1435 264 1458 2
274 1435 286 1456 1
315 1422 401 1455 Hinc
412 1415 546 1451 Martha
558 1411 678 1458 hospita
690 1407 799 1448 christi
813 1433 822 1448 ‚
835 1407 907 1443 hinc
920 1405 1043 1453 hospita
1055 1413 1140 1440 terra
1151 1428 1162 1439 .

244 1482 264 1504 2
272 1482 289 1504 2
351 1467 405 1500 uid
414 1461 523 1509 tessera
537 1459 700 1504 hospitalis
713 1481 724 1493 .

243 1529 263 1551 2
268 1527 284 1560 3
313 1507 586 1594 Deusbhospitalis
609 1504 772 1541 dicebatur
786 1527 797 1543 ,
821 1512 915 1550 quem
936 1499 1073 1547 hospites
1090 1500 1187 1534 invo-

359 1573 396 1595 ca
420 1565 475 1593 ant
486 1581 497 1591 .

244 1622 291 1655 24
315 1608 460 1652 Hospites
472 1601 652 1638 mercenarii
665 1595 829 1644 peffimum
838 1607 943 1643 genus
953 1594 1116 1630 hominum
1128 1617 1139 1629 .

241 1669 284 1700 25
314 1653 548 1696 Albergatores
558 1651 594 1684 de
601 1657 714 1692 genere
722 1647 902 1692 praedonum
915 1668 927 1678 .

239 1709 286 1740 26
310 1709 373 1738 Cur
386 1700 500 1734 cadant
507 1694 568 1738 sub
582 1692 723 1738 Rubrica
736 1694 836 1728 trium
845 1691 1008 1726 latronum
1022 1715 1033 1725 .

240 1763 286 1794 27
311 1744 446 1785 ‘Publice
456 1741 576 1784 interest
587 1739 700 1776 habere
709 1740 824 1775 talium
839 1737 974 1782 officium
986 1762 995 1772 .

242 1802 287 1835 28
313 1798 424 1832 'Prima
441 1789 615 1835 Hospitalis
631 1785 786 1826 institutio
797 1784 1114 1831 suitHierosolymis.

244 1856 291 1891 29
317 1838 428 1886 Postea*
437 1838 527 1873 aliud
539 1835 610 1876 Hos
605 1834 703 1882 pitale
714 1831 972 1877 Constantinopoli
985 1852 994 1861 -

246 1904 292 1938 30
317 1889 441 1926 Mentio
455 1882 633 1928 Hospitalis
649 1882 820 1927 &Spiritus
833 1881 865 1914 in
879 1881 977 1914 Saxia
990 1880 1028 1914 de
1040 1876 1150 1914 vrbe.

248 1953 266 1985 3
278 1952 291 1975 1
318 1936 444 1973 Mentio
461 1929 636 1976 Hospitalis
647 1926 752 1973 vulgo
768 1926 834 1961 fate
845 1926 909 1960 ben
923 1926 1054 1961 Fratelli
1066 1952 1075 1960 .

220 2015 233 2029 b,
247 1999 291 2032 32
317 1983 440 2018 Mentio
452 1976 628 2024 Hospitalis
643 1972 975 2010 5..Antonii.al2batis
987 1975 1023 2008 de
1036 1971 1127 2008 Urbe
1139 1998 1148 2008 .

250 2045 290 2078 33
319 2037 355 2066 In
369 2028 524 2075 Hispania
534 2023 656 2069 &eligio
667 2023 843 2057 &Antonii
856 2020 955 2056 valde
969 2021 1116 2056 relaxata
1126 2046 1135 2055 .

250 2093 297 2126 34
319 2076 449 2112 Habens
461 2072 620 2109 indultum
632 2070 810 2113 transeundi
820 2069 861 2103 ad
871 2069 969 2103 aliam
978 2069 1183 2114 Religionem,

365 2122 492 2165 tranfire
502 2120 610 2164 nequit
623 2119 663 2151 ad
675 2117 853 2161 Religiones
867 2115 1102 2161 Hospitalarias
1111 2139 1120 2148 .

253 2184 293 2219 35
321 2171 396 2215 Nisi
419 2169 543 2223 Religio
564 2164 806 2210 Hospitalaria‚
829 2165 872 2197 ad
896 2173 1016 2209 quam,
1033 2162 1076 2206 fit
1096 2161 1192 2197 Clau·

364 2215 475 2258 stralis
488 2239 497 2248 .

254 2271 299 2315 36
323 2266 453 2315 Equites
463 2259 661 2303 Melitenses,
678 2258 732 2301 seu
756 2255 1035 2302 Hierosolymitani
1051 2281 1061 2296 ‚
1080 2255 1198 2303 Hospi-

371 2311 481 2347 talarii
491 2333 501 2343 .

260 2374 303 2409 37
327 2358 418 2395 vrbs
432 2363 534 2400 Roma
547 2355 630 2388 ditia
640 2350 732 2387 Orbis
743 2358 903 2395 Romanus
916 2375 926 2385 .

258 2413 302 2455 38
327 2407 449 2442 Mentio
458 2401 635 2449 Hospitalis
648 2400 848 2435 Dementiam
861 2399 897 2432 de
908 2395 996 2432 Urbe
1008 2423 1018 2433 .

258 2468 304 2501 39
328 2460 366 2489 In
373 2452 528 2499 Hispania
534 2447 651 2494 similia
663 2455 774 2481 extant
782 2445 962 2490 Hospitalia
976 2469 986 2478 .

256 2513 305 2547 40
329 2498 661 2536 OrdoPraedicatorum
675 2494 749 2528 olim
759 2493 997 2538 Hospitalarius
1009 2514 1018 2523 .

257 2562 301 2596 41
328 2547 451 2584 Mentio
473 2545 599 2580 Ordinis
616 2542 859 2577 Trinitariorum
882 2539 1114 2586 Redemptionis
1138 2545 1197 2575 Ca-

256 2656 302 2691 42
329 2603 602 2681 Mgssfflfflestae
615 2634 771 2672 S.Thomae
783 2636 814 2669 in
828 2635 952 2670 Formis
966 2635 1004 2669 de
1015 2632 1105 2668 Urbe
1117 2658 1126 2668 .

259 2703 303 2737 43
333 2691 426 2725 Dicta
438 2686 571 2729 Ecclesia
588 2682 755 2726 unitafuit
765 2683 909 2728 capitulo
923 2682 1080 2716 Vaticano
1092 2705 1102 2714 .

257 2750 307 2785 44
330 2738 455 2772 Mentio
467 2741 508 2769 Ῥ.
517 2730 664 2778 Magisiri
676 2731 834 2767 Vincentii
843 2728 959 2774 Copolae
971 2727 1135 2763 Trinitarii
1148 2750 1158 2758 .

260 2797 303 2831 45
332 2781 476 2831 Expositi
486 2781 672 2824 nutriuntur
680 2778 712 2811 in
725 2776 797 2820 Hos
790 2777 884 2821 pitali
898 2777 1069 2821 &Spiritus
1081 2773 1196 2810 Urbis.

262 2838 309 2878 46
335 2837 420 2867 Loca
430 2832 471 2866 ad
480 2828 606 2863 alendos
616 2823 767 2868 expositos
779 2831 941 2858 vocantur
955 2828 1096 2857 Xenones
1106 2846 1116 2857 .

262 2893 308 2927 47
331 2880 478 2915 'Primum
488 2874 560 2917 Hos
552 2872 651 2919 pitale
655 2871 679 2914 s
674 2868 716 2905 ub
730 2871 842 2904 Ordine
854 2876 1027 2916 Laycorum
1040 2894 1049 2903 .

262 2932 307 2972 48
333 2927 417 2961 Ordo
424 2924 495 2968 Hos
488 2921 662 2969 pitalarius
677 2916 854 2964 S-Joannis
869 2919 928 2952 Dei
936 2928 975 2950 ex
987 2917 1104 2962 Laycis
1117 2940 1127 2950 .

265 2987 312 3020 49
337 2972 420 3007 Olim
431 2974 463 3008 in
476 2968 606 3015 angulis
619 2963 878 3005 Monasieriorum
897 2965 1004 2998 aderat
1017 2963 1089 3005 Hos
1082 2963 1181 3009 pitale
1191 2986 1201 2998 .

269 3035 285 3065 ς
294 3035 315 3057 0
339 3019 411 3061 Hos
405 3017 527 3064 patalia
537 3012 657 3063 quibus
669 3012 745 3046 aliis
759 3008 935 3044 nominibus
948 3010 1075 3044 dicantu
1082 3022 1098 3044 r
1107 3035 1118 3044 .

271 3080 286 3113 5
298 3082 311 3104 1
339 3065 517 3110 Hospitalia
529 3063 606 3097 olim
617 3061 717 3095 erebia
730 3066 787 3103 pro
799 3057 972 3102 peregrinis
984 3079 992 3089 .

272 3128 315 3161 52
340 3115 470 3148 ‘Primus
478 3111 632 3155 fundator
641 3104 854 3152 Hospitalium
869 3105 997 3139 Zoticus
1007 3125 1018 3135 .

272 3174 314 3207 53
342 3158 470 3194 Fabiola
486 3159 588 3204 prima
601 3152 795 3199 Nosocomia
803 3151 946 3185 invenit.

271 3221 318 3254 54
341 3204 473 3241 Fabiola
486 3215 550 3250 quai
559 3203 661 3246 suerit
676 3225 686 3235 .

251 3288 257 3293 ,
272 3269 291 3301 5
299 3267 316 3300 ς
344 3251 578 3288 Xenodochium
589 3249 666 3295 quid
675 3273 687 3284 .

273 3307 317 3350 56
341 3297 524 3344 Hospitalia
532 3296 704 3337 sumuntur
715 3302 772 3340 pro
784 3294 850 3330 loco
863 3317 874 3334 2
884 3293 916 3329 in
929 3304 992 3342 quo
1005 3290 1094 3340 quasi
1106 3291 1191 3339 hospi
1196 3309 1206 3316 -

388 3354 436 3380 tes
450 3349 601 3378 curantur
611 3343 718 3386 aegroti
729 3344 837 3387 egeni.

276 3409 318 3444 57
345 3388 627 3438 Brephotrophium
640 3388 719 3433 quid
733 3411 743 3422 .

767 109 1025 181 Joannis
1049 105 1262 187 Lopez
1293 97 1374 162 de
1409 100 1647 161 Leone,

1263 222 1280 255 ς
1290 213 1309 246 8
1335 208 1619 254 'Pi-ochotrophium
1633 204 1709 252 quid
1723 226 1732 237 .

1264 270 1308 304 59
1334 257 1547 303 correspondet
1573 256 1639 290 loco
1658 253 1884 290 invalidorum
1904 253 1997 298 penos
2014 252 2201 298 Basilicam

1385 303 1623 346 Later-inensem
1637 298 1676 336 ab
1687 302 1864 336 Innocentio
1876 304 1958 334 XII.
1971 304 2114 337 extruHo
2130 326 2140 336 .

1267 360 1314 393 60
1341 354 1463 389 Mentio
1477 351 1651 396 Hospitalis
1667 350 1784 384 &sixti
1796 350 1832 383 de
1845 345 1952 383 vrbo.

1267 414 1311 442 61
1339 403 1460 438 Mentio
1473 397 1640 440 honorifica
1654 398 1738 433 Sixti
1752 401 1793 432 V.

1265 456 1310 488 62
1335 447 1620 494 Prochotrophium
1639 445 1778 487 sumitur
1798 445 1894 478 etiam
1925 449 1981 488 pro
2001 444 2137 490 collegio
2162 449 2204 483 ad

1385 496 1567 533 erudiendos
1580 518 1589 531 ‚
1613 495 1658 528 Φ*
1670 492 1797 526 alendos
1809 493 1913 537 inopes
1922 489 2075 535 studiosos
2088 516 2098 526 .

1266 549 1309 590 63
1338 541 1646 590 Orphanotrophium
1659 540 1736 586 quid
1749 565 1758 574 .

1265 597 1314 635 64
1338 593 1469 627 Zoticus
1486 589 1555 633 fuit
1578 588 1703 634 primus
1716 587 2060 632 orphanotrophiorum
2083 586 2205 631 institu-

1384 648 1434 674 tor
1446 661 1455 671 .

1271 693 1314 730 65
1343 689 1380 721 ln
1392 681 1673 731 orphanotrophiis
1683 680 1743 721 soli
1753 679 1860 718 orbati
1867 691 1958 729 patre
1972 685 2147 719 educantur
2161 708 2172 719 .

1268 740 1314 773 66
1342 734 1463 769 Mentio
1476 728 1741 776 Orphanotrophii
1750 730 1781 762 in
1792 730 1905 766 ‘Platea
1919 733 2092 773 capranica
2102 756 2113 766 .

1270 789 1315 827 67
1344 777 1508 827 Superslua
1524 776 1603 812 hona
1618 779 1648 809 in
1660 783 1815 820 pauperes
1828 781 1984 823 eroganda
1994 778 2090 820 sunt.

1267 834 1314 869 68
1340 828 1463 865 Mentio
1476 825 1650 870 Hospitalis
1661 822 1821 869 S.Jacobi
1833 825 2066 861 Incurahilium
2079 824 2185 862 Urbis
2195 851 2206 861 .

1271 883 1319 924 69
1343 877 1478 962 ,Λιιὲἶῆν
1491 874 1586 912 nescit
1600 896 1609 911 >
1635 881 1692 905 δην
1706 869 1763 904 1³⁰⁶
1774 872 1936 916 Hospitale
1958 874 2077 909 dicium
2099 876 2130 909 in
2143 879 2209 910 Au

1383 933 1430 971 gu
1458 934 1477 956 a
1490 947 1498 957 .

1271 987 1318 1018 70
1344 970 1466 1010 Mentio
1474 968 1592 1012 summi
1602 965 1770 1013 privilegii
1779 963 1879 1010 hujus
1890 960 2067 1012 Hospitalis
2081 993 2092 1002 .

1270 1034 1314 1066 71
1344 1018 1467 1109 Mjntio
1475 1013 1861 1071 ..Archiconfraternitatis
1879 1013 2102 1054 Misericordia
2118 1015 2214 1063 Ulys-

1397 1079 1407 1101 ι
1431 1076 1497 1100 onis
1512 1089 1521 1098 .

1267 1128 1312 1161 72
1341 1074 1504 1160 Ulfffippo
1518 1110 1633 1147 Patria
1645 1110 1807 1145 Auctoris
1818 1133 1827 1142 .

1262 1174 1305 1209 73
1335 1160 1497 1196 Ordinat.
1520 1159 1606 1203 Reg.
1634 1157 1822 1200 Portugall.
1847 1157 1989 1192 nominat
2009 1156 2210 1203 Hospitale.)

1383 1217 1532 1252 magnum
1546 1204 1617 1248 Hos
1611 1205 1710 1250 pitale
1720 1203 1941 1246 Misericordia
1954 1229 1963 1237 .

1265 1270 1313 1305 74
1337 1263 1433 1291 Sacra
1447 1253 1687 1289 'Paenitentiaria
1700 1250 1888 1297 apostolica
1912 1252 1988 1287 olim
2005 1251 2131 1295 summa
2143 1252 2212 1297 pol·
2268 1250 2277 1261 ⁹

1384 1300 1470 1338 lebat
1483 1301 1674 1336 auctoritate
1685 1323 1695 1332 .

1266 1365 1309 1400 75
1339 1352 1474 1385 aanor
1485 1356 1633 1394 expertus
1645 1347 1836 1381 diminutam
1851 1348 2074 1383 alletoritatem
2083 1372 2094 1382 .

1270 1407 1317 1447 76
1343 1398 1426 1432 Olim
1437 1395 1715 1431 S.‘Poenitentiaria
1734 1401 1928 1430 commutare
1945 1403 2070 1440 poterat
2081 1395 2214 1431 ultimas
2258 1377 2268 1408 ‘-

1387 1443 1576 1480 voluntates
1588 1465 1598 1476 .
2209 1472 2215 1476 .

1267 1509 1314 1543 77
1339 1499 1430 1538 Papa
1444 1493 1519 1526 olim
1531 1486 1712 1524 remittebat
1737 1489 1779 1523 ad
1789 1492 1861 1523 Sac.
1871 1489 2149 1524 ‘Poenitentiariam
2163 1491 2215 1525 de-

1386 1540 1566 1585 rogationes
1577 1534 1703 1580 Regulae
1713 1558 1722 1573 ,
1735 1537 1778 1571 (φ
1789 1541 1984 1570 Statutorum
1996 1538 2157 1573 Montium
2169 1562 2181 1572 .

1267 1595 1314 1637 78
1341 1589 1465 1622 Mentio
1476 1584 1651 1631 privilegii
1667 1582 1843 1628 Hospitalis
1859 1583 2036 1618 Mediolani
2047 1607 2057 1617 .

1266 1653 1314 1684 79
1341 1635 1463 1670 Mentio
1476 1631 1648 1678 privilegii
1656 1629 1832 1676 Hospitalis
1845 1629 1979 1674 Perusia
1994 1655 2003 1664 .

1269 1691 1314 1724 80
1340 1681 1504 1727 Hospitale
1528 1685 1560 1715 S.
1574 1675 1702 1726 Jacobi
1721 1674 1956 1712 Ineurabillum
1979 1676 2037 1714 ubi
2060 1650 2216 1715 olim‘coe·
2260 1671 2264 1674 ,

1385 1731 1468 1776 perit
1479 1753 1489 1762 .

1269 1786 1307 1819 31
1338 1779 1462 1815 Mentio
1474 1771 1676 1818 'Proceffionis
1696 1778 1733 1808 Β.
1749 1776 1801 1807 Μ.
1823 1773 1860 1808 de
1870 1756 1995 1819 Populo
2019 1752 2062 1809 ad
2079 1773 2137 1809 hoc
2147 1774 2217 1811 Ho·
2246 1751 2260 1759 a

1391 1827 1410 1869 s
1406 1823 1504 1870 pitale
1519 1847 1528 1856 .

1270 1880 1313 1913 82
1340 1873 1494 1921 Affertur
1517 1867 1648 1905 dubium
1676 1866 1752 1902 olim
1781 1875 1886 1902 ortum
1911 1865 2066 1910 occasione
2090 1867 2218 1912 Proces-
2250 1879 2251 1882 ¹

1429 1929 1478 1952 nis
1490 1942 1499 1951 .

1270 1973 1310 2015 83
1340 1921 1462 2003 Mgi’tio
1473 1963 1650 2009 Hospitalis
1660 1962 1678 1993 I
1680 1958 1897 1996 neurabilium
1904 1961 2065 2007 Neapolis
2077 1985 2089 1996 .

1269 2021 1317 2061 84
1339 2014 1448 2051 Simile
1470 2010 1632 2057 Hospitale
1653 2011 1686 2044 in
1704 2005 1890 2046 Albernia,
1915 2009 1948 2042 in
1969 2007 2132 2045 montibus
2147 2009 2217 2047 Al·
2263 1990 2268 2043 '‚

1390 2061 1481 2096 braci
1494 2083 1502 2092 .

1277 2114 1316 2153 85
1347 2105 1621 2144 Gerontocomium
1635 2102 1712 2149 quid
1722 2126 1731 2135 .

1275 2161 1320 2194 86
1344 2155 1500 2200 ‘Pelagius
1512 2155 1559 2186 ΙΙ.
1570 2157 1707 2186 Domum
1726 2149 1820 2191 suam
1829 2148 1909 2193 fecit
1920 2153 2218 2190 Gerontocomium3

1276 2209 1319 2249 87
1346 2201 1596 2246 Grorophonium
1606 2197 1683 2244 quid
1695 2220 1704 2230 .

1275 2255 1319 2290 33
1345 2246 1539 2291 Isiudsuhest
1551 2243 1782 2293 Jurzsdiv‘iioni
1793 2244 1972 2280 ordinarii.

1276 2303 1321 2345 89
1346 2292 1677 2376 Adducitgirhprdin.
1691 2292 1780 2342 Reg.
1799 2292 2090 2336 Portugall.lib.1.
2104 2294 2217 2332 tit.62.

1396 2352 1486 2387 §.39.
1497 2354 1531 2377 m
1568 2353 1607 2375 ne
1619 2365 1628 2374 .

1278 2407 1326 2440 90
1352 2391 1472 2438 Lepros
1468 2391 1537 2424 aria
1550 2389 1627 2436 quid
1638 2412 1647 2422 .

1278 2455 1300 2486 9
1309 2454 1321 2477 1
1353 2438 1489 2482 Gasariae
1501 2461 1510 2475 ,
1525 2436 1581 2479 seu
1592 2433 1802 2481 Albergariae
1815 2435 1893 2481 quid
1904 2459 1914 2468 .

1278 2502 1324 2534 92
1352 2492 1456 2522 Locus
1472 2482 1675 2530 Leprosorum
1694 2494 1754 2516 non
1778 2484 1933 2517 eximitur
1954 2481 1975 2516 a*
1986 2484 2126 2519 Decimis
2148 2486 2218 2522 da,

1397 2533 1499 2567 hortis
1512 2556 1522 2570 ,
1538 2532 1582 2566 Θ
1591 2532 1696 2576 pratis
1706 2538 1760 2574 pro
1774 2529 1864 2565 illius
1876 2528 2071 2566 animalibus
2083 2555 2094 2566 .

1280 2594 1322 2627 93
1353 2579 1615 2626 Eleamosynariae
1627 2578 1705 2626 quid
1717 2602 1727 2612 .

1280 2643 1328 2675 94
1352 2629 1503 2674 Operaria
1516 2625 1593 2673 quid
1604 2649 1614 2659 .

1281 2689 1322 2721 95
1350 2673 1551 2710 Parabolani
1559 2673 1634 2719 qui.

1277 2729 1325 2770 96
1351 2719 1570 2776 Emphyteusis
1582 2728 1740 2775 perventa
1754 2725 1795 2758 ad
1807 2721 1881 2762 Hos
1873 2720 1990 2768 pitalia
2002 2744 2012 2759 ,
2036 2731 2097 2755 non
2109 2733 2217 2758 rever-

1396 2778 1478 2806 titur
1489 2770 1530 2803 ad
1543 2773 1712 2802 Dominum
1726 2792 1736 2802 .

1283 2831 1328 2864 97
1354 2818 1425 2861 Hos
1419 2816 1534 2872 pitalia
1545 2827 1605 2850 non
1618 2813 1694 2857 sunt
1703 2818 1834 2863 capacia
1845 2814 2061 2862 Emphyteusis
2072 2840 2081 2849 .

1281 2870 1327 2912 98
1353 2863 1517 2910 Hospitale
1526 2861 1565 2902 eft
1577 2867 1683 2898 Locus
1692 2867 1766 2910 pius
1777 2889 1786 2903 ,
1797 2863 1889 2906 sacer
1901 2887 1910 2902 ‚
1925 2864 1969 2898 ό*
1979 2861 2144 2907 religiosus
2154 2886 2163 2895 .

1282 2925 1329 2959 99
1356 2914 1516 2947 Fundator
1523 2910 1698 2953 Hospitalis
1705 2912 1911 2955 prasumitur‚
1924 2909 2063 2954 voluiffe
2072 2907 2154 2944 bona
2161 2909 2220 2952 sua

1402 2956 1547 3006 perpetuo
1559 2957 1663 2994 dicare
1673 2967 1729 3005 pro
1742 2960 1852 2994 animae
1860 2957 1882 2998 s
1878 2955 2016 3002 uffragio
2026 2980 2036 2989 .

1262 3021 1331 3048 100
1355 3006 1427 3049 Hos
1422 3006 1521 3053 pitale
1541 3005 1676 3041 nondum
1686 3006 1863 3049 formatum
1886 3015 1947 3038 non
1963 3010 2085 3036 tenetur
2100 3002 2226 3044 solvere

1406 3055 1629 3102 quindennium
1645 3065 1685 3087 ex
1698 3048 1885 3096 emphyteusi
1898 3074 1908 3083 .

1267 3115 1329 3139 101
1357 3109 1460 3184 'prolui
1473 3100 1592 3153 fif'uud
1606 3101 1742 3134 ereetum
1756 3096 1859 3141 fuerit
1885 3093 1999 3142 absque
2011 3093 2153 3140 consensu
2169 3100 2226 3129 Or-

1430 3159 1523 3183 tnartz
1534 3171 1558 3180 ,ι

1271 3210 1338 3234 102
1364 3195 1438 3237 'Posi
1448 3193 1570 3229 obitum
1580 3191 1771 3226 Fundatoris
1783 3195 1887 3225 Locus
1899 3191 1983 3224 'Pius
2002 3196 2139 3225 remanet
2156 3198 2226 3235 per-

1429 3249 1522 3274 etuus
1532 3263 1542 3272 .

1272 3302 1334 3334 103
1364 3250 1507 3323 Inldubio
1521 3286 1671 3331 capienda
1684 3285 1896 3330 interpretatio
1904 3284 2024 3327 favore
2039 3284 2114 3318 Loci
2125 3283 2183 3317 ‘Pii
2193 3307 2203 3318 .

1274 3348 1341 3380 104
1365 3340 1452 3369 Laus
1464 3332 1641 3377 Papiniani
1654 3332 1889 3378 Jurisconsnlti
1899 3358 1906 3366 .

1276 3396 1288 3419 ι
1297 3394 1338 3427 05
1365 3385 1472 3425 Nemo
1485 3377 1574 3417 debet
1587 3379 1774 3425 locupletari
1788 3390 1859 3414 cum
1871 3380 1972 3416 aliena
1987 3375 2112 3421 iattura
2127 3401 2136 3409 .

1982 3429 2048 3461 106
2074 3429 2106 3460 H
2109 3423 2144 3466 os
2138 3425 2187 3469 pi-
