2295 3757
618 71 719 133 De
755 62 1219 148 Qindenniis,
1254 61 1413 146 Cap.
1443 64 1511 122 L.

231 190 286 217 tur
295 183 466 231 anticipati
470 180 599 226 solvere
609 205 619 221 ‚
631 180 687 226 nisi
702 175 908 224 cappellanus
917 181 1039 209 caveat
1053 197 1062 208 .

89 239 154 269 791
185 234 221 264 In
234 230 322 273 censu
334 230 407 273 fieri
420 233 529 280 nequit
543 231 719 275 anticipata
726 224 844 269 solutio
861 246 869 255 .

89 287 157 318 792
183 279 262 321 Non
275 281 494 316 attendendum
505 287 629 326 tempus
635 271 801 319 solutionis
808 268 903 312 sab'iae
919 291 928 307 ³
941 268 1000 303 ‘vel
1007 267 1062 311 fa-

232 325 343 361 cienda
356 351 365 366 ,
385 328 441 371 sed
459 326 530 370 sola
553 322 707 375 perceptio
723 316 892 361 fructuum
909 317 1061 363 quinden-

231 373 366 409 nialium
373 374 513 422 fingatis
523 369 698 422 quindecim
717 364 843 400 tantum
867 365 958 398 annis
974 360 1059 398 debi-

234 427 341 456 torum
356 446 365 456 .

94 475 160 508 793
191 465 362 511 Rcfignans
375 471 475 507 antici
495 466 546 505 ate
555 490 565 506 ‚
579 461 805 513 quindennium
818 459 945 505 exigere
958 459 1068 505 nequit

234 515 266 548 in
270 515 421 558 fraudem
432 529 465 553 re
475 511 627 561 ignatarii
635 534 647 545 .

95 569 117 599 7
122 568 167 601 94
191 564 328 598 Fructus
336 563 511 610 sequuntur
521 560 615 595 illum
629 583 637 597 ,
649 557 707 603 qui
716 563 839 591 tenetur
853 554 894 589 ad
909 563 1002 588 onera
1015 577 1026 588 .

95 616 160 648 795
193 605 583 656 Sivdrefignatiosaiiafit
592 604 672 653 pur&
682 627 693 644 ,
710 602 783 649 livi
795 605 827 638 in
837 602 991 647 savorem
1008 610 1076 637 cer-

236 664 274 690 tae
283 659 415 703 personae
427 681 437 691 .

95 704 165 743 796
192 702 426 748 Refignatarius
439 701 566 746 causam
577 701 673 738 habet
685 697 704 735 d
715 701 810 747 'Papa
822 721 832 732 ·

97 757 167 790 797
195 750 361 796 Restgnans
369 749 504 786 habetur
514 760 569 791 pro
582 758 706 785 mortuo
723 773 733 782 .

95 796 166 838 798
193 799 302 831 Etiam
311 798 344 832 in
353 798 442 838 locis,
455 797 512 833 ubi
524 797 644 840 adsunt
651 796 752 842 spolia
763 794 963 830 clericorum,
977 791 1072 838 quin-

236 845 380 880 dennium
403 845 576 891 anticipat&
599 839 806 890 praedecessori
813 840 954 884 solutum
967 861 977 877 ,
1001 838 1024 881 s
1018 847 1071 884 pe-

234 891 301 925 [tat
314 894 355 927 ad
367 898 531 928 eameram
543 917 552 926 .

91 944 169 979 ,799
190 938 294 973 Aetio
311 947 366 983 pro
381 938 593 988 affi‘quutione
616 937 797 988 quindennii
808 932 846 976 est
861 935 892 969 in
912 932 1070 977 facultate

235 987 320 1019 novi
342 986 521 1028 Beneficiati
545 986 604 1022 vel
625 982 734 1021 contra=
745 993 874 1018 manum
886 989 1044 1016 mortuam
1056 1003 1068 1020 ,

235 1032 296 1067 vel
305 1033 412 1069 contra*
426 1034 560 1070 heoredes
570 1033 676 1068 ultimi
687 1028 868 1072 Beneficiati
883 1054 893 1064 .

95 1076 167 1111 800
190 1078 315 1114 solutio
327 1083 510 1126 quindennii
521 1079 666 1127 differtur
671 1077 807 1124 singulis
821 1076 998 1125 quindecim
1012 1086 1069 1110 an-

239 1128 288 1161 nis
299 1129 482 1173 ingratiam
493 1127 709 1175 Emphyteutae
720 1150 730 1160 .

101 1172 166 1206 801
195 1172 355 1220 ‚Quisquis
368 1178 551 1211 renunciare
560 1173 655 1219 potes}
660 1174 781 1218 favori
787 1173 846 1217 suo
862 1196 872 1207 .

103 1220 170 1252 802
197 1223 390 1268 anticipat&
397 1224 527 1261 solvens
539 1246 548 1261 ,
563 1221 613 1257 bis
618 1221 741 1264 solvit.
847 1261 850 1263 Α

104 1267 168 1309 803
199 1272 345 1312 Rogatus
367 1269 525 1312 restituere
534 1268 598 1316 posi
612 1277 743 1304 mortem
754 1292 764 1308 ,
785 1263 880 1316 potest
892 1291 902 1307 ,
920 1265 950 1311 fi
965 1268 1051 1303 velit
1063 1291 1074 1307 ,

243 1317 340 1350 etiam
353 1316 513 1358 restituere
523 1316 598 1352 ante
607 1322 758 1352 mortem‘.

21 1372 24 1375 ·
45 1412 47 1418 Ι
102 1361 173 1405 804
196 1359 359 1398 ‘Ultimum
371 1365 596 1410 quindennium
609 1389 617 1403 ,
642 1365 690 1398 uti
696 1365 828 1408 fruitus
847 1365 979 1405 exactus
1005 1359 1077 1395 ante

237 1411 418 1449 terminum,
432 1408 538 1446 deberi
546 1412 681 1446 videtur
692 1405 1076 1455 antecessortssemficiaco.

99 1455 165 1498 805
194 1457 231 1489 In
238 1453 448 1509 societatibus
458 1457 637 1503 officiorum
646 1458 737 1493 licita
747 1456 787 1498 est
799 1458 977 1503 anticipata
987 1455 1009 1499 s
1005 1455 1076 1491 olu-

241 1503 458 1546 tiosrubtuum
469 1507 505 1540 de
510 1505 534 1548 s
529 1504 652 1543 emerere
665 1506 698 1540 in
705 1505 729 1548 s
725 1503 849 1546 emesire
861 1528 871 1538 .

99 1550 172 1586 806
195 1554 323 1586 Pavore
335 1550 498 1588 libertatis
507 1560 589 1587 tenet
598 1554 773 1598 anticipata
783 1551 902 1595 solutio
914 1575 924 1585 .

100 1598 172 1640 807
197 1599 336 1633 Dataria
347 1598 535 1645 ⁴apostolica
549 1601 653 1646 exigit
674 1599 839 1644 'Penfiones
852 1599 1043 1646 anticipatas
1055 1598 1076 1635 a

245 1644 430 1688 Beneficiato
439 1672 450 1682 .

100 1692 170 1728 808
196 1691 353 1747 Titularis
365 1718 374 1733 ,
395 1694 460 1741 posi
473 1696 713 1732 translationem
726 1696 857 1740 exigens
877 1693 1000 1740 aliquos
1013 1703 1076 1730 ter-

242 1751 347 1798 minos
354 1744 543 1789 anticipatos
562 1743 582 1779 a*
603 1743 802 1788 Penswnario
814 1766 826 1782 ‚
854 1739 1010 1785 molestari
1023 1753 1076 1777 ne·

243 1796 317 1830 quit
327 1800 346 1822 a
356 1791 566 1826 translatario
574 1815 582 1825 .

96 1833 173 1877 5809
198 1834 321 1870 solutio
334 1837 505 1881 anticipat&
511 1839 603 1881 faffl
617 1837 853 1882 usufruttuario
865 1861 876 1877 ‚
896 1836 957 1872 vel
964 1835 1077 1881 fimili·

242 1880 305 1916 bus
317 1908 325 1921 ,
335 1881 532 1925 bonificanda
546 1884 586 1927 eft
595 1894 654 1930 pro
665 1893 739 1920 rata
753 1908 763 1919 .

102 1926 128 1962 8
137 1937 181 1961 ιο
203 1927 337 1963 Debitor
345 1929 476 1970 solvere
486 1933 595 1977 nequit
611 1931 684 1966 ante
696 1939 838 1977 tempus,
861 1931 986 1976 quando
997 1929 1079 1965 illud

247 1974 423 2029 appositum
432 1975 472 2018 est
479 1979 590 2021 gratia
603 1979 767 2013 creditoris
780 2002 789 2012 .
1048 1980 1058 1991 ⁹

103 2022 174 2058 811
201 2023 386 2058 Dominium
398 2022 533 2067 facilius
555 2022 749 2070 justificatur
771 2033 827 2071 per
844 2026 1013 2060 reiteratas
1026 2036 1082 2060 an-

247 2079 328 2104 nuas
335 2069 508 2112 solutiones
519 2095 529 2105 .

105 2117 150 2152 81
159 2128 178 2150 2
202 2120 446 2207 Ajgrgmeutum
461 2116 482 2152 d
493 2119 608 2154 minori
626 2121 669 2155 ad
680 2118 786 2164 majus
799 2118 838 2162 εβ
850 2121 882 2155 in
895 2118 967 2166 jure
974 2119 1083 2164 fortis-

259 2175 269 2198 ι
304 2175 378 2198 um.
834 2170 837 2173 “

108 2209 178 2254 813
202 2209 361 2266 Successor
384 2212 416 2246 in
429 2212 579 2256 Beneficio
597 2212 638 2256 est
655 2213 823 2260 legitimus
833 2215 972 2250 creditor
992 2216 1087 2262 quin·

253 2258 355 2292 dennii
370 2282 380 2297 ,
391 2261 580 2295 adveniente
591 2269 727 2307 tempore
744 2261 834 2296 illius
841 2261 1010 2304 solutionis
1022 2286 1032 2296 .

109 2304 184 2347 814
205 2303 449 2388 'Qssssossszgssffeffi‘'
460 2309 607 2354 exigendi
623 2307 778 2354 probatur
791 2316 850 2356 per
862 2320 987 2343 annuas
993 2307 1083 2352 solu-

111 2398 179 2440 815
206 2405 314 2436 Hares
338 2401 555 2448 Emphyteutae
572 2411 698 2439 tenetur
721 2405 903 2440 sonantiori
924 2402 1084 2447 refundere

251 2449 443 2529 giticipatas
457 2449 620 2494 Pensiones
633 2458 689 2497 per
701 2451 948 2498 Emphyteutam
960 2452 1084 2497 percep-

289 2507 305 2529 S
318 2520 328 2530 ι

111 2541 134 2575 8
142 2541 183 2576 16
209 2541 330 2578 solutio
341 2544 514 2591 anticipata
528 2556 586 2579 non
602 2543 717 2580 liberat
724 2544 903 2588 solventem
914 2569 924 2580 .

114 2590 135 2622 8
143 2598 183 2629 17
209 2589 391 2634 AEqualitas
404 2592 486 2625 inter
495 2602 598 2626 omnes
608 2592 772 2634 servanda
783 2592 823 2634 esi
834 2617 844 2626 .

111 2636 185 2670 813
211 2635 424 2682 Emphyteuta
437 2638 585 2673 canonem
598 2638 772 2685 anticipati}
787 2637 1033 2686 solvere‘nequit
1043 2663 1054 2673 .

112 2683 135 2716 8
143 2693 154 2716 x
161 2692 183 2724 9
210 2681 295 2716 Solet
309 2681 418 2718 haberi
426 2692 484 2728 pro
491 2685 630 2731 suspeft'o
637 2686 790 2729 futurum
803 2685 1020 2731 praey‘udicium
1032 2711 1042 2721 .

112 2730 184 2763 820
208 2729 330 2765 solutio
340 2741 380 2777 qu
385 2732 521 2765 indennii
527 2733 700 2779 anticipata
711 2732 848 2770 habetur
855 2743 912 2780 pro
923 2746 982 2769 non
985 2734 1088 2778 satia.

111 2777 179 2810 821
207 2777 401 2824 ⁸Antieipate
407 2777 497 2820 solvi
509 2781 616 2826 nequit
630 2780 738 2822 census
752 2805 762 2816 .

112 2824 182 2857 822
209 2822 417 2865 Beneficiatus
426 2835 485 2859 non
499 2822 574 2859 bene
585 2828 807 2872 aequiparatur
817 2828 1056 2873 usufructuario
1071 2851 1082 2861 .

116 2870 181 2913 823
210 2871 463 2965 Εοηβάςναέάὲιῖφη
469 2870 604 2917 simplex
608 2873 735 2917 saitum
746 2877 933 2914 emmonis,
944 2875 967 2918 s
961 2877 997 2910 ed
1007 2873 1084 2909 bene

256 2930 342 2964 juris
351 2931 367 2954 e
392 2932 407 2954 e
440 2930 478 2952 us
488 2946 499 2951 -

111 2963 188 3007 -824
209 2966 353 3055 Capitale
362 2967 498 3013 pecuniae
510 2964 640 3012 positum
652 2965 692 3010 esi
706 2968 739 3002 in
747 2969 887 3013 periculo
900 2966 938 3005 ob
958 2974 1089 3004 mortem

269 3025 329 3049 ocii
343 3032 353 3042 ·

115 3057 183 3099 825
210 3058 289 3100 Non
300 3060 406 3104 desunt
421 3066 496 3096 DD.
507 3069 645 3096 tenentes
661 3085 672 3102 ‚
689 3062 720 3096 in
729 3060 878 3104 societate
893 3060 994 3107 Officii
1007 3061 1092 3096 anti-

257 3107 356 3160 cipat&
364 3108 454 3150 solvi
463 3119 522 3143 non
529 3106 603 3154 poff
597 3120 614 3142 e
622 3133 634 3143 .
796 3116 803 3121 '

117 3153 138 3185 8
147 3154 188 3187 26
213 3153 318 3188 Etiam
325 3155 448 3198 favore
461 3154 621 3190 libertatis
631 3155 722 3199 solvi
733 3155 827 3202 potest
841 3155 913 3191 ante=
924 3164 1047 3201 tempus
1059 3178 1069 3189 .

121 3201 189 3242 827
215 3203 427 3253 Curtnataria
439 3201 628 3249 apostolica
653 3204 807 3238 mediante
821 3203 936 3240 cedula
949 3202 1093 3239 Baricha-

260 3257 310 3281 rta
323 3250 513 3295 anticipatus
525 3249 690 3292 ‘Penfiones
704 3252 818 3295 exigat
831 3274 841 3286 .

116 3293 184 3328 828
210 3295 360 3338 Sequitur
374 3297 480 3330 eadem
496 3298 629 3332 materia
643 3321 653 3332 .

114 3345 159 3380 82
162 3354 186 3388 9
199 3343 359 3387 Sequitur
371 3343 476 3377 eadem
491 3344 624 3379 materia
639 3367 652 3379 .

1903 60 2023 142 187

1121 173 1142 207 8
1147 181 1191 216 30
1215 171 1424 219 assecuratio
1434 173 1520 207 dotis
1530 170 1570 206 ob
1585 173 1787 216 verzentiam
1799 173 1873 207 Viri
1887 173 1929 206 ad
1941 171 2083 217 inopiam
2094 199 2104 214 ‚

1263 219 1302 261 cll
1317 222 1458 267 quaedam
1468 216 1620 261 promiffio
1635 221 1672 252 dc
1685 221 1754 252 dote
1770 218 1954 259 restituenda
1967 221 1999 253 in
2013 222 2101 257 omni

1261 269 1335 306 casu
1347 293 1356 307 ‚
1371 280 1434 316 quo
1447 271 1505 303 vir
1517 278 1576 300 non
1586 265 1624 309 fit
1634 265 1788 306 solvendo
1803 288 1812 296 .

1120 316 1140 350 8
1145 326 1160 359 3
1171 326 1183 350 1
1197 315 1408 350 'Banchcrius
1427 315 1458 357 sc
1479 314 1627 358 obligans
1650 314 1681 346 in
1695 312 1834 345 Dataria
1847 335 1856 350 ,
1877 312 1910 354 se
1924 311 2017 348 habet
2029 321 2105 348 tan-

1259 361 1523 411 qucimfidciuffor
1539 357 1720 401 Beneficiati
1731 383 1741 391 .

1128 413 1147 445 8
1154 422 1167 453 3
1177 424 1193 445 2
1220 412 1335 446 cedula
1351 411 1527 446 nancharia
1539 405 1633 442 habet
1645 413 1794 452 paratam
1805 406 2048 451 exequutionem
2058 432 2067 440 .

1131 459 1171 501 83
1179 468 1194 500 3
1224 458 1422 509 Anticipate
1439 458 1530 499 solvi
1546 451 1643 500 potes!
1660 476 1672 493 ,
1705 453 1831 501 quando
1855 463 1914 486 non
1941 454 2048 497 agitur
2072 455 2108 488 de

1274 507 1457 551 pra’Judicio
1471 505 1557 538 tertii
1573 528 1581 536 .

1136 554 1156 588 8
1161 561 1206 597 34
1230 557 1268 587 In
1279 555 1410 587 materia
1428 551 1595 595 solutionis
1615 548 1799 597 quindennii
1818 558 1877 582 non
1899 545 1939 589 esi
1960 546 2047 583 locus
2062 547 2108 581 di-

1275 600 1394 643 ‘UIfioni
1405 624 1415 633 .

1126 649 1191 692 835
1219 649 1256 682 In
1269 647 1448 682 cathedrali
1467 647 1642 680 Gerunden.
1666 645 1762 689 viget
1782 641 1970 685 consuetudo
1990 643 2104 677 antici-

1271 693 1346 741 pat&
1357 693 1507 736 solvendi
1517 692 1645 735 fruc‘lus
1662 693 1912 726 canonicatuum
1926 713 1936 722 .

1133 745 1200 787 836
1226 743 1426 788 Anticipatae
1436 741 1609 783 solutiones
1623 736 1756 772 inbonis
1771 735 1987 779 ecclesiasticis
2000 735 2107 782 prohi-

1271 787 1385 823 bentur
1398 787 1417 822 a*
1432 793 1462 823 5.
1476 786 1610 822 Concilio
1622 786 1802 819 Tridentino
1815 807 1824 817 .

1133 840 1200 880 837
1230 841 1260 870 S.
1287 836 1460 871 concilium
1485 836 1636 878 derogare
1650 832 1783 865 videtur
1797 832 1964 866 contrariis
1989 831 2081 877 pat'io
2094 854 2104 870 ‚

1271 884 1487 927 consuetudini
1505 905 1514 921 ‚
1529 883 1571 916 (9⁶
1584 877 1797 921 constitutioni
1809 879 1957 923 synodali
1970 902 1980 911 .

1129 932 1197 975 838
1224 931 1416 972 Consuetudo
1445 927 1680 976 interpretanda
1694 926 1788 959 venit
1800 948 1810 963 ,
1833 924 2000 970 quominus
2017 925 2110 961 laedat

1271 990 1324 1025 jus
1337 987 1502 1013 commune
1513 1000 1523 1010 .

1130 1030 1198 1073 839
1224 1028 1356 1061 Amor
1369 1037 1429 1060 non
1443 1022 1482 1063 esi
1496 1021 1570 1057 adeo
1582 1030 1679 1056 tenax
1691 1022 1722 1055 in
1733 1019 1794 1061 sua
1806 1019 1947 1063 opinione
1961 1043 1970 1052 .

1129 1078 1198 1118 840
1223 1073 1422 1118 anticipata
1430 1071 1546 1113 solutio
1560 1068 1599 1104 ob
1622 1066 1764 1109 Ecclesia
1774 1062 1976 1108 necessitatem
1990 1066 2085 1102 valet
2101 1091 2111 1101 .

1133 1126 1199 1167 841
1228 1121 1355 1161 Interest
1364 1117 1500 1161 Ecclesiae
1514 1115 1627 1151 habere
1642 1111 1864 1156 Beneficiatum
1875 1113 2000 1148 dolium
2012 1138 2021 1147 .

1134 1173 1200 1214 842
1227 1170 1378 1204 Sacerdos
1389 1164 1483 1213 potes?
1498 1162 1678 1210 posticipate
1689 1161 1875 1204 solutionem
1886 1161 2021 1206 recipere
2031 1183 2042 1195 .

1135 1220 1199 1261 843
1228 1215 1406 1251 Cardinalis
1428 1210 1524 1247 habet
1546 1210 1704 1246 indultum
1725 1206 1853 1251 testandi
1877 1207 1973 1242 etiam
1994 1217 2057 1253 quo
2071 1209 2113 1243 ad

1268 1263 1399 1308 fruitus
1413 1261 1574 1296 inexaftos
1587 1282 1596 1291 .

1135 1314 1206 1355 844
1231 1311 1424 1346 Declaratur
1433 1309 1497 1342 tale
1507 1305 1665 1340 indultum
1674 1330 1683 1343 ,
1697 1305 1741 1340 (θ’
1752 1299 1903 1350 quomodo
1916 1304 2065 1346 procedat
2079 1327 2091 1338 .

1135 1362 1200 1403 845
1229 1359 1422 1393 Declaratur
1433 1354 1524 1389 aliud
1538 1352 1697 1387 indultum
1704 1350 1890 1396 succedendi
1906 1347 1948 1384 ab
1969 1350 2112 1393 intestato

1278 1405 1398 1440 clerico
1414 1429 1422 1439 .

1135 1455 1204 1499 846
1229 1455 1366 1491 Frut'tus
1378 1450 1520 1487 inexatti
1533 1445 1555 1482 a)
1565 1446 1728 1483 cardinali
1739 1469 1750 1487 ‚
1773 1442 1923 1482 debentur
1947 1444 2039 1481 illius
2051 1444 2113 1480 hat-

1275 1499 1404 1536 redibus
1412 1498 1541 1544 scriptis
1553 1519 1562 1529 .

1135 1551 1204 1593 847
1229 1553 1280 1584 Ut
1292 1546 1472 1584 cardinalis
1492 1542 1648 1589 disponere
1672 1537 1762 1589 poffit
1775 1543 1810 1576 de
1828 1537 1988 1583 fructibus
2003 1539 2115 1574 clvili-

1276 1595 1337 1632 bus
1348 1620 1357 1634 ‚
1387 1594 1488 1629 doceri
1502 1589 1591 1625 debet
1598 1592 1634 1625 de
1653 1600 1759 1624 eorum
1769 1588 1930 1623 exactione
1936 1587 2050 1630 saltem
2059 1596 2115 1633 per

1279 1641 1480 1691 ‹equipollcns
1495 1664 1503 1678 ‚
1518 1647 1554 1672 ut
1567 1646 1620 1684 per
1630 1635 1798 1683 depositum
1810 1659 1820 1668 .

1135 1692 1204 1735 848
1232 1699 1270 1729 In
1282 1703 1343 1740 quo
1357 1690 1412 1733 cas
1409 1701 1429 1721 u
1444 1685 1622 1722 cardinalis
1643 1684 1800 1730 disponere
1814 1677 1900 1726 poffit
1917 1681 1954 1716 de
1967 1681 2117 1728 quinden-

1302 1743 1307 1746 '
1346 1737 1486 1772 'nexaito
1498 1757 1508 1767 .
2013 1756 2024 1767 ,

1136 1789 1208 1831 849
1235 1752 1325 1836 ῼιῗιιέ
1334 1751 1497 1820 dicendum
1510 1780 1541 1814 in
1555 1778 1625 1819 casu
1639 1803 1647 1816 ‚
1665 1789 1728 1824 quo
1738 1776 1779 1820 sit
1792 1775 1879 1811 locus
1887 1773 1998 1820 spoliis

1138 1836 1206 1876 850
1233 1842 1270 1871 In
1283 1833 1441 1879 Hispania
1452 1827 1491 1869 esi
1502 1825 1707 1871 locusspoliis
1718 1823 1939 1869 Episcoporum
1953 1843 1963 1853 .

1138 1883 1203 1924 851
1232 1885 1272 1917 In
1282 1886 1447 1925 'Navarra
1461 1902 1469 1915 ,
1495 1887 1532 1910 ac
1546 1873 1724 1918 dragonia
1736 1870 1775 1910 est
1789 1870 1876 1904 locus
1898 1867 2011 1915 spoliis
2023 1869 2117 1903 etiam

1279 1934 1305 1965 C
1304 1928 1470 1963 lericorum
1481 1949 1490 1958 .

1141 1978 1208 2020 852
1234 1979 1272 2012 In
1288 1976 1388 2011 lnd'iis
1397 1971 1623 2017 Hispaniarum
1636 1964 1771 2008 Ecclesia
1781 1989 1789 2002 ‚
1804 1976 1864 1998 non
1879 1969 2010 1999 camera
2026 1968 2122 2010 Apo-

1285 2022 1392 2068 (lolica
1401 2017 1540 2063 succedit
1551 2017 1563 2049 i
1568 2027 1585 2048 n
1590 2011 1754 2057 frmitibus
1767 2011 2011 2057 Episcopatuum
2025 2035 2034 2043 .

1142 2073 1208 2115 853
1236 2069 1313 2116 ‘Nisi
1323 2068 1464 2116 Episcopi
1476 2065 1658 2099 indiarum,
1672 2057 1763 2094 exera*
1773 2059 1882 2092 Indias
1891 2054 2070 2102 decesserint
2084 2081 2096 2093 .

1142 2121 1213 2161 854
1236 2116 1532 2160 Idem-praflicatur
1544 2111 1575 2144 in
1593 2106 1776 2156 Lusitania.

1144 2168 1183 2208 85
1193 2174 1212 2207 5
1238 2162 1440 2212 Repe-abatur
1449 2162 1563 2194 Marta
1576 2156 1616 2189 de
1631 2154 1759 2188 luccess.
1773 2152 1944 2199 legaLpar.
1951 2161 1982 2194 3.
1998 2161 2117 2197 qu.13.

1287 2210 1384 2246 artic.
1403 2219 1433 2249 5.
1445 2216 1542 2241 num.
1559 2216 1573 2245 5
1584 2215 1614 2237 2.

1148 2261 1216 2302 856
1240 2264 1315 2303 'Nec
1326 2259 1357 2292 in
1370 2256 1470 2290 Indiis
1488 2252 1526 2295 esi
1537 2251 1624 2287 locus
1632 2247 1743 2295 spoliis
1758 2271 1768 2282 .

1145 2311 1212 2349 857
1237 2312 1311 2350 'Nec
1324 2306 1355 2340 in
1370 2301 1540 2337 Germania
1554 2323 1563 2333 .
1803 2308 1806 2310 ’

1145 2356 1213 2396 858
1238 2359 1313 2398 Nec
1325 2353 1357 2386 in
1372 2349 1481 2385 Gallia
1493 2372 1502 2387 ‚
1515 2358 1569 2381 nec
1580 2347 1612 2380 in
1630 2341 1722 2379 vrbe
1734 2368 1744 2377 .

1145 2404 1215 2444 859
1241 2407 1342 2445 Roma
1355 2396 1475 2436 Incola,
1491 2397 1533 2430 &
1548 2391 1755 2435 distric'iuales
1764 2396 1821 2435 per
1829 2390 1934 2424 decem
1948 2386 2116 2425 milliaria,

1285 2445 1445 2491 disponere
1463 2439 1588 2488 possunt
1608 2441 1645 2473 de
1661 2436 1825 2482 sruttibus
1844 2434 2062 2479 Ecclefiasticis
2084 2435 2116 2467 in

1285 2484 1721 2540 praeiudiciumsuccefforum
1732 2509 1741 2518 .

1146 2545 1215 2579 860
1240 2539 1405 2576 Indultum
1416 2537 1590 2571 incolarum
1601 2540 1705 2577 Roma
1715 2532 1841 2575 quando
1851 2543 1910 2565 non
1918 2530 1940 2573 s
1935 2528 2112 2576 uffragetur

1148 2591 1213 2625 861
1244 2586 1345 2625 Hodie
1353 2582 1483 2628 sublata
1497 2581 1536 2623 esi
1548 2582 1625 2616 talis
1637 2579 1778 2623 facultas
1790 2577 1922 2617 tesiandi
1931 2602 1941 2612 .
2083 2602 2085 2604 .

1148 2639 1216 2672 862
1244 2640 1283 2672 1η
1306 2636 1338 2668 S.
1354 2631 1514 2676 Religione
1535 2626 1817 2673 Hierosolymitana
1838 2627 1935 2670 ‘vi’get
1958 2621 2117 2658 indultum

1284 2679 1466 2726 succedendi
1482 2679 1512 2711 in
1527 2675 1630 2710 locum
1646 2677 1781 2708 eamerae
1803 2673 1838 2706 in
1844 2669 2014 2716 fruitibus
2024 2675 2113 2705 Bene.

1283 2727 1431 2771 ficiorum
1439 2723 1592 2758 inexattis
1603 2745 1612 2754 .

1141 2780 1206 2820 863
1233 2778 1321 2811 Idem
1328 2773 1526 2821 prasticatur
1538 2771 1570 2803 in
1581 2767 1744 2813 Religione
1754 2771 1785 2801 S.
1797 2768 1936 2812 Spiritus
1946 2790 1956 2800 .

1143 2829 1213 2868 864
1238 2822 1384 2870 Episcopo
1400 2820 1567 2900 Inldiarum
1583 2814 1676 2851 extra*
1695 2814 1772 2851 illas
1783 2815 1944 2850 decedente
1956 2835 1966 2850 ,
1987 2821 2006 2843 n
2023 2819 2060 2843 on
2080 2805 2121 2851 esi

1285 2870 1373 2905 locus
1417 2878 1433 2900 o
1449 2867 1480 2900 io
1492 2890 1501 2898 .

1147 2921 1212 2962 865
1240 2918 1327 2959 Idem
1341 2916 1372 2949 in
1379 2866 1572 2953 fgeneficictto
1591 2909 1672 2949 loci,
1687 2906 1744 2944 ubi
1757 2919 1814 2943 non
1819 2906 1921 2951 spolia
1937 2928 1947 2943 ,
1961 2903 2120 2938 decedente

1289 2965 1321 2998 in
1336 2962 1403 2996 loco
1413 2984 1423 2998 ,
1436 2959 1492 2994 ubi
1507 2959 1578 3000 sunt
1588 2957 1688 3003 spolia
1702 2981 1711 2990 .

1151 3016 1221 3050 866
1247 3009 1481 3058 ,Qindennium
1494 3013 1651 3051 receptum
1661 3002 1681 3037 a*
1692 3006 1902 3037 ‘procuratore
1916 2995 2097 3039 Beneficiati
2109 3022 2119 3035 ,

1291 3067 1353 3092 non
1363 3064 1466 3090 tamen
1475 3054 1621 3088 exactum
1631 3049 1651 3085 ci
1662 3045 1843 3088 Beneficiato
1855 3070 1864 3084 ‚
1871 3044 1896 3088 s
1888 3047 1995 3090 peficit
2005 3045 2046 3080 ad
2058 3043 2122 3079 hae-

1288 3104 1376 3139 redes
1388 3098 1568 3142 Beneficiati
1583 3123 1592 3131 .

1152 3158 1220 3198 867
1246 3157 1325 3187 Sunt
1334 3150 1440 3195 aliqui
1448 3148 1539 3189 casus
1551 3171 1560 3184 ,
1571 3147 1602 3179 in
1613 3140 1726 3188 quibus
1737 3151 1796 3175 non
1811 3141 1926 3185 vigent
1935 3138 2038 3186 spolia
2049 3163 2059 3172 .

1153 3204 1220 3238 868
1245 3198 1483 3246 Qindenm‘um
1492 3203 1551 3226 non
1566 3191 1711 3224 exabtum
1725 3187 1744 3221 a*
1755 3187 1924 3233 principali
1936 3210 1946 3225 ,
1958 3186 2029 3221 licet
2042 3195 2119 3219 exa-

1286 3247 1372 3280 ctum
1383 3241 1402 3275 d
1415 3245 1634 3275 procuratore,
1651 3236 1712 3269 dici
1725 3243 1829 3269 tamen
1840 3235 1948 3280 nequit
1960 3234 2119 3268 exactum.

1147 3298 1217 3340 869
1241 3292 1434 3329 Declaratur
1449 3284 1542 3318 Bulla
1554 3280 1684 3316 Urbani
1697 3286 1727 3318 V
1731 3286 1793 3315 ΙΙΙ.
1808 3282 1895 3315 circa
1907 3279 2006 3326 spolia
2019 3304 2030 3311 -
2109 3306 2125 3315 ..

1148 3346 1218 3388 870
1243 3335 1420 3376 cardinalis
1434 3329 1539 3371 testari
1546 3328 1644 3376 potest
1658 3329 1695 3364 de
1709 3328 1873 3374 fructibus
1892 3324 2116 3370 Ecclefiasiicis

1335 3383 1366 3416 A
1379 3390 1400 3416 a
1437 3390 1456 3412 2
1993 3382 2056 3411 exa
2066 3388 2081 3398 -
