2295 3757
326 124 451 190 394

281 220 303 254 6
331 222 416 263 Qae
441 215 563 253 fortius
588 215 778 264 procedunt
791 241 800 255 ‚
829 216 850 250 si
872 215 1006 250 dimidii
1037 216 1204 251 (janonici

326 274 468 300 utantur
482 266 601 300 eodem
628 264 746 299 lubitu
762 263 964 298 Canonicali
982 288 989 300 ‚
1013 262 1202 310 <isdemque

324 311 516 358 Inlignibns
531 337 540 352 ‚
564 311 688 358 quibus
707 321 846 345 utuntur
870 309 992 354 integri
1007 310 1173 345 canonici
1189 334 1199 350 ,

326 361 496 405 aequaliter
508 371 645 406 quoque
657 359 691 392 in
708 356 975 392 l‘roceffionibns
988 357 1176 393 incedendo
1188 381 1197 396 ,

326 418 397 452 quo
419 404 494 442 casu
509 406 629 441 codem
654 405 756 440 ctiam
783 403 953 450 :equaliter
965 415 1042 439 cum
1058 405 1197 449 integris

326 453 510 489 canonicis
524 455 593 495 iure
606 452 790 497 capitulari
816 450 962 497 gaudere
987 452 1109 486 debent
1124 453 1202 486 The-

324 502 410 536 mnd.
426 500 445 535 α’
457 501 589 543 Fonseca
601 499 779 545 decis-Ulpi
786 498 893 534 honen.
898 510 938 541 95
946 523 954 532 .
965 509 1014 541 n.5
1023 510 1104 533 .cum
1113 497 1199 549 seqq.

327 552 371 585 &
385 557 440 594 per
453 556 509 582 tot.
521 557 592 592 par.
612 558 642 580 1.
667 545 722 580 ubi
740 546 781 580 de
794 545 916 580 mediis
932 544 1118 580 canonicis
1129 546 1199 580 (50-

327 594 494 629 limbrien.
513 592 724 628 cathedralis
751 592 784 626 in
809 592 924 627 nostro
946 591 1117 627 Lufitaniae
1134 592 1199 626 Re-

328 653 399 686 gno
413 665 422 680 ‚
438 647 519 685 Rota
535 639 598 688 posi
611 641 716 686 ciprcs
727 641 857 675 laudato
867 642 959 675 traa.
973 639 1128 687 pag-mihi
1141 643 1200 683 76.

328 691 360 723 in
372 689 525 734 principio
541 712 550 721 .

375 736 449 770 Nec
465 734 576 770 obstat
606 733 741 777 Bai-bosa
766 736 803 769 de
817 737 962 769 eanonic.
982 735 1025 770 &¹
1039 734 1200 779 Dignitat-

277 796 301 828 ’,ν
329 791 435 830 cap-4·
451 793 563 827 riic.43.
577 781 730 827 inquiens
740 807 748 821 ,
761 781 927 816 dimidios
943 780 1193 821 praebendatos,

326 828 506 876 tamquam
535 829 694 864 lubentes
718 827 885 864 Beneficia
910 827 1068 864 iuferiora
1091 839 1192 864 non.)

323 878 447 913 habere
471 888 590 911 vocem
615 875 649 911 in
671 876 833 920 Capitulo
850 900 860 916 ‚
885 875 1095 922 proindeque
1120 886 1190 911 non

324 921 397 961 sunt
417 925 458 959 de
471 922 654 969 capitulo,
681 933 742 958 nec
763 934 818 969 per
830 921 1034 969 consequens
1054 922 1189 968 partici-

325 982 406 1017 pant
423 972 464 1006 de
479 970 693 1018 quindenniis
704 996 712 1010 ,
733 969 815 1016 quia
829 980 983 1015 putarem
994 995 1002 1009 ,
1019 968 1188 1012 Barbosam

280 1022 299 1057 3
326 1018 506 1063 intelligere
531 1029 589 1064 per
602 1016 767 1053 dimidios
783 1016 1020 1052 Praebendatos
1033 1016 1188 1061 simplici-

324 1076 375 1102 ter
386 1067 427 1102 de
441 1064 595 1100 dimidiis
612 1063 834 1100 Portionariis
847 1076 916 1100 non
933 1061 1187 1102 CanonicisJed

327 1111 537 1148 Beneficiatis
548 1137 558 1153 ,
594 1112 648 1151 ui,
662 1111 790 1148 etiamsi
803 1111 865 1146 lint
877 1111 996 1156 integri
1010 1112 1024 1154 s
1039 1120 1138 1154 prout
1152 1110 1187 1145 in

324 1158 494 1206 Hispaniis
515 1171 555 1206 pa
585 1170 633 1194 im
646 1169 764 1195 extant
783 1157 866 1193 dieti
880 1167 1017 1196 emeres,
1041 1159 1188 1203 ymedios

324 1209 517 1254 Rationeros
530 1233 538 1247 ,
552 1207 733 1252 eorumque
747 1204 911 1240 Beneficia
925 1214 1041 1242 entem,
1050 1215 1072 1251 y
1086 1206 1186 1239 media

279 1259 302 1301 '9
328 1256 445 1299 Karion
461 1254 475 1295 )
491 1253 592 1300 quive
604 1252 805 1299 respondent
821 1251 960 1287 Affiffils
973 1276 982 1290 ,
1003 1251 1095 1296 quali
1109 1249 1185 1286 affi-

324 1300 476 1342 duls‚seu
490 1299 734 1338 mansionariis,
748 1303 780 1334 δε
798 1296 1103 1344 Cappellanis,sane
1121 1309 1188 1332 non

324 1347 400 1384 sunt
414 1348 455 1383 de
469 1348 630 1392 Capitulo
642 1374 650 1387 ,
677 1346 736 1382 nili
747 1357 788 1381 ex
799 1345 955 1391 peculiari
968 1344 1188 1380 Ecclefiarum

323 1399 461 1431 statuto
473 1418 482 1433 ,
495 1394 670 1440 privilegio
682 1419 692 1432 ‚
706 1395 753 1427 vel
764 1390 1002 1427 consuetudine
1020 1391 1082 1426 sint
1096 1393 1190 1430 tales,

323 1452 362 1479 ut
374 1442 573 1487 exponimus
584 1440 619 1475 in
633 1441 852 1485 Capit.CXIX.
868 1438 1193 1485 Adeo,nt‚quamvis

321 1488 444 1534 integri
459 1487 623 1526 Canonici
647 1485 892 1532 aliquantulum
919 1483 1075 1522 differant
1099 1487 1120 1521 :i
1132 1485 1184 1521 ‹li-

322 1535 440 1573 midiis
451 1534 636 1571 canonicis
656 1533 775 1580 quoad
785 1533 1010 1579 praelationem
1023 1557 1033 1572 ,
1057 1537 1089 1568 &
1105 1545 1184 1579 prae·

323 1582 513 1620 cedentiam
526 1582 557 1617 in
569 1581 730 1617 intrando
742 1606 752 1620 ,
775 1584 807 1616 δι
823 1581 978 1616 votando
996 1579 1030 1615 in
1042 1581 1184 1628 Capitu-

322 1633 367 1668 lo,
381 1640 450 1664 non
463 1628 545 1665 inde
555 1626 713 1674 sequitur,
726 1627 893 1663 dimidios
907 1627 1102 1662 Canonicos
1115 1639 1185 1663 non

322 1676 382 1712 ess'e
398 1688 494 1712 veros
506 1676 706 1713 Canonieos
716 1701 725 1716 ,
746 1673 800 1710 sed
813 1674 898 1710 bene
912 1675 1062 1721 integros
1072 1677 1187 1710 Cano-

252 1739 298 1770 10
326 1723 423 1759 nicos
445 1723 505 1759 effe
519 1724 670 1759 elericos
689 1721 788 1769 primi
801 1722 946 1767 gradus,
971 1720 1022 1757 seu
1033 1721 1186 1762 ordinis,

264 1772 265 1775 ’
321 1771 487 1806 habentes
497 1770 626 1806 stallum
640 1768 927 1805 honorificienrius
940 1769 974 1804 in
987 1769 1187 1808 Chorome-

318 1818 510 1865 lioremque
520 1815 811 1857 sedem,dimidios
825 1819 903 1851 vero
919 1816 1113 1853 canonicos
1126 1815 1186 1852 effe

319 1864 475 1901 ClerIcos
487 1863 620 1901 secundi
632 1865 761 1910 gradus
771 1888 780 1902 ‚
795 1874 832 1898 ut
843 1865 874 1897 in
889 1865 1016 1909 punc‘to
1028 1863 1190 1899 dimidio-

319 1923 397 1949 tum
419 1913 673 1948 canonicorum
696 1909 917 1946 colimbrien.
942 1911 1033 1956 apud
1057 1911 1190 1946 nostros

321 1959 500 1995 Lusitanos
512 1959 661 1995 Themud.
672 1957 691 1993 a*
703 1958 833 2000 Fonseca
845 1960 908 1992 dec.
924 1957 1187 2004 Uly.1·bor÷en.98.

256 2020 295 2048 11
323 2007 755 2053 num-19.cumseqq.par.1.
771 2009 801 2039 ἃ
817 2005 939 2050 magis,
953 2009 984 2039 δε
1000 2005 1110 2040 minus
1122 2017 1190 2040 non

325 2053 409 2089 facit
438 2052 567 2088 differre
592 2053 694 2100 specie
708 2054 804 2094 juxta
828 2053 965 2087 axioma
986 2051 1192 2099 Philosophi-

319 2112 398 2137 cnm
409 2106 438 2137 V
441 2112 485 2146 az
498 2099 635 2143 Barbosa
647 2103 679 2134 in
688 2100 996 2135 loacommunlitera
1007 2105 1187 2135 M.num.1.

366 2148 502 2194 Qbiis
514 2147 674 2182 absolutis
688 2146 827 2192 superest
841 2145 1031 2182 difficultas
1045 2171 1054 2186 ,
1079 2158 1120 2181 an
1136 2145 1187 2182 isti

319 2195 455 2231 dimidii
483 2193 651 2230 Canonici
674 2203 910 2233 concurrentes
943 2205 1020 2229 cum
1044 2195 1184 2239 integris

321 2241 507 2278 Canonicis
528 2242 574 2276 ad
598 2241 826 2288 quindennia,
851 2242 910 2276 illa
933 2243 1101 2276 lucrentur
1122 2253 1184 2287 pro

319 2289 502 2324 medietate
514 2291 671 2327 tantum,
695 2297 795 2334 prout
823 2299 885 2334 pro
910 2288 1089 2323 medietate
1111 2298 1185 2323 tan·

323 2337 395 2372 tuin
416 2337 537 2372 lucrari
554 2334 661 2371 solent
682 2335 768 2371 alios
790 2334 917 2372 fruetus
937 2336 1186 2374 canonicales,

323 2380 376 2417 seu
391 2383 621 2427 provenientes
629 2394 670 2418 ex
683 2382 962 2421 canonicatibus,
975 2380 1124 2429 indeque
1135 2381 1186 2416 di·

323 2429 367 2464 e‘ti
382 2429 517 2466 dimidii
533 2430 714 2469 canonici,
728 2432 777 2465 vel
793 2429 1038 2464 Semicanonici
1049 2454 1058 2469 ‚
1070 2429 1123 2463 sen
1135 2428 1186 2463 di-

323 2476 418 2513 midii
430 2477 649 2516 Praebendati,
662 2480 712 2511 vel
728 2475 1033 2523 Semipraebendati‚
1047 2487 1091 2510 an
1106 2475 1186 2511 vero

322 2524 487 2559 lucrentur
499 2523 708 2571 quindennia
729 2535 789 2569 pro
800 2523 929 2569 integra
941 2533 1016 2558 rata
1030 2523 1088 2558 libi
1104 2534 1186 2557 con-

323 2568 472 2613 tingente
484 2572 528 2607 ad
541 2571 641 2606 instar
653 2571 862 2616 integrorum
875 2569 1144 2608 Camuicornm,
1153 2572 1187 2604 &

322 2616 467 2651 dicerem
483 2642 493 2656 ‚
516 2629 573 2652 eos
594 2617 712 2654 lucrari
733 2616 940 2663 quindennia
955 2616 1161 2662 integraliter
1175 2641 1185 2656 ,

322 2661 429 2708 eisque
441 2662 627 2699 faciendam
638 2665 780 2699 eandem
793 2663 1012 2709 partitionem
1026 2688 1036 2702 ‚
1052 2667 1085 2697 ἃ
1095 2662 1186 2698 divi-

321 2709 446 2744 sionem
461 2734 471 2748 ,
483 2721 556 2755 quae
569 2710 636 2745 fieri
652 2710 731 2746 solet
742 2710 882 2757 integris
894 2711 1079 2745 Canonicis
1090 2736 1100 2751 ,
1113 2722 1184 2746 non

319 2755 477 2791 habendo
495 2758 529 2791 in
545 2757 808 2793 consideratione
822 2782 831 2797 ‚
854 2757 948 2803 qnod
971 2758 1033 2793 fint
1046 2757 1184 2792 dimidii

320 2802 488 2838 canonici
503 2829 512 2843 ‚
534 2803 695 2849 qnodque
713 2828 724 2843 ,
750 2805 844 2839 ficuti
872 2805 997 2840 habent
1020 2804 1184 2840 dimidios

319 2850 454 2885 tantum
467 2848 592 2890 frncftus
604 2848 736 2884 suorum
749 2852 1035 2891 Cancnicanmm,
1049 2855 1082 2886 δε
1098 2855 1181 2886 Prae·

316 2896 568 2936 bendarum,ita
584 2897 748 2931 videretur
761 2897 882 2932 habere
893 2899 1038 2934 dimidia
1051 2899 1186 2934 tantum

316 2942 525 2990 quindennia
536 2968 546 2983 ‚
568 2955 640 2989 quae
655 2944 756 2978 etiam
774 2941 897 2979 frustus
912 2946 1075 2980 Canoniae
1090 2945 1165 2981 sunt
1176 2972 1186 2986 ,

317 2990 446 3037 quippe]
469 3003 535 3026 non
548 2990 634 3026 bene
655 2989 807 3034 arguitur
822 2991 841 3024 :i
855 2990 1016 3027 fruffibus
1032 2992 1185 3027 Canoni-

317 3038 445 3074 calibus
465 3039 510 3074 ad
522 3037 602 3074 istos
619 3034 746 3072 fruetus
762 3036 991 3082 Capitulares,
1017 3041 1064 3072 vel
1086 3039 1182 3084 quali

321 3085 537 3129 capitulares
547 3110 556 3126 ‚
576 3085 690 3131 qualia
704 3081 776 3118 sunt
788 3082 993 3129 quindennia
1005 3112 1014 3124 ‚
1026 3086 1103 3119 curn
1118 3086 1181 3122 fine

317 3131 457 3172 quidem
471 3131 606 3167 dimidii
619 3130 784 3167 canonici
797 3131 912 3176 quoad
929 3131 1054 3167 imaus
1067 3135 1180 3168 Cano-

314 3176 438 3212 nicaies
452 3205 460 3218 ‚
486 3178 541 3214 sed
556 3191 623 3214 non
639 3178 719 3213 inde
731 3176 821 3216 sunt,
836 3190 897 3214 nec
913 3177 971 3213 effe
983 3178 1115 3222 poliunt
1129 3179 1181 3214 di-

317 3223 416 3260 midii
433 3226 644 3269 Capitulares
658 3246 668 3261 ‚
682 3237 722 3260 eo
735 3225 831 3271 quod
843 3225 1021 3260 ridiculum
1036 3226 1082 3260 eli
1093 3251 1103 3265 ‚
1119 3226 1183 3261 im-

318 3270 614 3316 moirnpoffibile‚
641 3272 738 3316 quod
761 3270 906 3316 personae
926 3271 1185 3318 dimidiari-ipos-

315 3315 383 3350 fint
396 3341 404 3355 ,
427 3318 565 3361 quodve
588 3319 686 3352 detur
706 3331 773 3353 vox
787 3318 819 3352 in
833 3319 998 3364 Capitulo
1009 3319 1158 3354 dimidia
1172 3344 1183 3357 ,

306 3365 346 3397 ⁴&
360 3361 503 3403 resoluto
515 3387 526 3404 ,
555 3364 651 3411 quod
671 3363 807 3401 dimidii
826 3364 993 3400 Canonici
1015 3367 1183 3400 lucrentur

819 106 852 170 J
855 108 1074 168 oannis
1092 106 1303 187 Lopez
1320 101 1400 164 de
1415 105 1615 167 Leone
1629 147 1644 171 ,

1264 213 1471 259 quindennia
1483 212 1662 258 tamqnam
1676 209 1819 257 persona:
1832 211 1873 246 de
1888 212 2062 258 Capitulo,
2073 216 2130 250 be-

1261 262 1304 297 nd
1314 260 1474 309 sequitur,
1488 260 1544 296 illa
1560 259 1679 295 lucrari
1694 258 1902 304 integraliter
1915 284 1926 300 ,
1937 270 1977 295 ac
1990 260 2012 294 fi
2027 263 2129 298 etiam

1258 309 1318 354 ipli
1332 308 1562 353 ellentintegri
1575 306 1742 341 canonici
1759 331 1770 345 ,
1798 306 1876 340 cum
1891 307 2129 353 quindenniau

1259 368 1326 391 non
1341 355 1542 401 proveniant
1564 353 1754 389 fifruetibus
1765 354 2055 394 Canonicatuum,
2070 356 2129 402 qui

1258 415 1321 448 pro
1336 402 1514 438 medietate
1528 401 1661 437 tantum
1676 400 1838 436 debentur
1847 400 2001 437 dimidiis
2009 403 2109 438 Cano
2118 424 2132 430 -

1261 450 1346 486 nicis
1360 476 1368 490 ,
1383 448 1437 484 scd
1451 450 1652 496 proveniant
1667 460 1706 483 ex
1721 447 1819 483 bonis
1835 448 1942 484 totius
1956 449 2106 495 Capituli
2121 473 2131 490 ,

1260 496 1302 532 de
1317 508 1388 544 quo
1403 497 1477 530 tam
1490 495 1562 532 sunt
1571 495 1707 531 dimidii
1725 521 1733 535 ,
1756 496 1860 541 quam
1876 495 1996 542 integri
2012 498 2127 532 Cano·

1260 543 1325 579 nici
1339 542 1504 588 ,cumque
1519 555 1587 578 non
1601 543 1664 578 fint
1677 543 1802 578 fruetus
1819 544 2048 579 praebendales
2063 569 2073 583 ‚
2092 544 2126 580 ii-

1258 590 1310 625 his
1324 590 1440 626 cadere
1456 591 1573 635 nequit
1591 591 1680 626 ratio
1692 589 1898 635 integrorum
1914 616 1924 630 ‚
1949 601 2009 625 aut
2024 591 2126 626 dimi-

1257 637 1394 673 diorum
1410 635 1577 672 fruetuum
1592 662 1600 671 .
1627 638 1730 672 Aliter
1743 647 1913 682 putarem,
1927 637 2126 679 dicendum,

1259 685 1282 719 fi
1297 684 1465 719 constaret
1484 695 1524 719 ex
1534 685 1699 720 cremone
1712 708 1721 723 ‚
1738 685 1833 730 quod
1847 685 2062 731 capitulares
2077 696 2126 721 re-

1258 730 1406 777 ceperint
1424 741 1465 766 ea
1481 731 1667 767 intentione
1682 731 1850 766 tribuendi
1864 735 2125 768 emolumenta..

1256 790 1320 826 pto
1332 778 1512 813 medietate
1528 780 1711 818 tantum&
1725 778 1970 815 Semicanonici
1984 791 2023 816 ea
2038 791 2124 827 quo-

1251 837 1316 871 qne
1330 825 1515 861 incentione
1542 824 1674 871 ingteffi
1693 826 1755 860 lint
1767 826 1988 872 Capitulum,
2007 827 2121 872 quia-2
2155 840 2197 866 η

1250 882 1332 908 tnnc
1356 871 1417 908 ista
1441 873 1547 909 tacita
1576 872 1759 908 conventio
1780 870 1940 909 servanda
1976 875 2053 910 esset
2090 875 2123 910 in

1249 923 1556 956 emolumentorum
1571 919 1737 955 divisione
1752 929 1792 954 cx
1804 919 1939 955 traditis
1958 932 2014 966 per
2025 924 2120 957 card.

1245 970 1385 1050 lllzamic.
1399 968 1436 1002 de
1448 968 1538 1004 tacit.
1559 969 1602 1005 (φ
1621 965 1741 1013 ambig.
1767 969 1966 1003 conventione.
1994 977 2072 1003 tom.
2089 980 2118 1003 1.

1260 1027 1270 1050 ι
1295 1027 1340 1051 ,1.
1353 1018 1441 1056 tit.5.

1343 1132 2119 1184 ARGUMENTU'M.

1249 1249 1451 1287 Canonicus
1464 1249 1612 1286 Eccleliae
1625 1248 1828 1296 Collegiatae
1848 1249 2002 1287 nondum
2026 1250 2215 1289 installatus

1295 1298 1330 1333 in
1344 1296 1466 1334 Choro
1478 1322 1488 1337 ,
1503 1296 1609 1333 autin
1625 1297 1788 1342 Capitulo
1801 1322 1810 1337 ,
1831 1298 1961 1334 etiamsi
1974 1300 2054 1335 ante
2071 1300 2216 1335 installa-

1297 1344 1424 1380 tionem
1436 1353 1645 1380 maturatum
1659 1369 1669 1384 ,
1692 1345 1914 1391 exaetumque
1929 1344 2029 1382 fuerit
2049 1345 2219 1394 quinden-

1299 1391 1392 1426 nium
1412 1391 1433 1427 εὶ
1445 1391 1607 1436 Capitulo
1620 1415 1630 1430 ,
1652 1391 1849 1427 dummodo
1864 1392 1906 1428 de
1919 1402 1962 1427 eo
1977 1402 2131 1440 tempore
2150 1395 2220 1429 Ca-

1298 1437 1481 1521 gonicatgs
1505 1437 1632 1492 poffeffi
1680 1448 1782 1484 capta
1799 1437 1862 1481 fit,
1886 1440 1999 1486 potest
2016 1440 2222 1488 participare

1325 1496 1435 1532 equin
1465 1495 1587 1520 ennio.

1467 1579 1977 1616 SUMMARIUM.

1298 1688 1312 1712 1
1340 1677 1516 1710 canonicus
1529 1674 1726 1710 cathedralis
1747 1672 1819 1709 ante
1841 1672 1979 1719 emissam
1989 1675 2085 1710 Fidei·
2099 1670 2216 1723 profes-

1383 1722 1497 1765 fionem
1510 1722 1702 1768 participare
1712 1733 1748 1756 ne
1772 1723 1820 1756 uit
1831 1723 1867 1756 de
1880 1723 2082 1768 quindenniis
2093 1722 2118 1756 .’

1293 1783 1314 1806 2
1339 1772 1356 1801 Ι
1358 1767 1526 1810 nsiallatus
1537 1768 1617 1805 nihil
1628 1768 1718 1804 aliud
1730 1780 1746 1803 e
1757 1768 1770 1803 t
1783 1791 1794 1807 ,
1816 1766 1914 1814 qua'm
1925 1766 2034 1814 mt'ffus
2057 1771 2092 1805 in
2103 1769 2218 1818 poffes.

1383 1816 1514 1860 sionem.
2181 1831 2189 1840 κ

1294 1876 1311 1908 3
1345 1863 1508 1904 Inftallare
1519 1864 1559 1906 est
1568 1865 1663 1902 idem,
1674 1875 1710 1898 ac
1723 1861 1940 1907 inthronizare
1953 1886 1963 1896 .

1292 1924 1317 1956 4
1341 1913 1515 1946 canonicus
1546 1912 1640 1946 etiam
1664 1909 1736 1945 ante
1757 1907 1998 1950 installationem
2021 1909 2062 1951 esi
2073 1912 2110 1946 de
2122 1913 2219 1959 Capi-

1389 1959 1457 1994 tulo
1469 1983 1479 1992 .

1300 2016 1315 2049 5
1344 2007 1384 2040 In
1402 2003 1626 2052 spiritualibus
1639 2005 1736 2040 etiam
1753 2003 1818 2050 fine
1838 2005 2009 2040 traditione
2018 2005 2146 2051 plenum
2158 2004 2215 2052 jus

1390 2053 1579 2096 transfertur
1594 2077 1605 2087 .

1292 2103 1314 2135 6
1337 2101 1377 2134 In
1395 2099 1623 2145 temporalibus
1635 2100 1808 2134 dominium
1830 2097 2020 2142 regulariter
2047 2110 2108 2134 non
2128 2106 2214 2134 tran-

1385 2146 1504 2191 sfertur
1515 2145 1631 2191 absque
1639 2147 1808 2180 traditione
1819 2169 1828 2178 .

1291 2204 1314 2236 7
1343 2193 1522 2240 Laycisunt
1539 2194 1700 2236 incapaces
1710 2191 1955 2237 spiritualitatis
1967 2214 1976 2223 .

1290 2243 1310 2276 8
1337 2241 1509 2276 canonicus
1524 2241 1619 2273 etiam
1631 2250 1690 2273 non
1704 2236 1882 2279 installatus
1895 2236 2006 2276 statim
2022 2247 2163 2274 remanet
2175 2240 2213 2274 de

1383 2285 1528 2332 capitulo
1543 2310 1552 2324 ‚
1569 2285 1596 2328 fi
1615 2287 1649 2320 in
1664 2285 1726 2327 sua
1735 2283 1871 2327 Ecclesia
1884 2296 1943 2319 non
1953 2285 2073 2330 vigeat
2085 2285 2212 2328 consue-

1385 2336 1460 2369 tudo
1471 2331 1650 2374 insiallandi
1660 2357 1668 2365 .

1290 2391 1313 2425 9
1339 2381 1514 2417 Cardinalis
1525 2403 1534 2418 ‚
1557 2381 1654 2414 etiam
1667 2378 1740 2414 ante
1750 2380 1814 2413 oris
1825 2379 2028 2425 aperitionem
2052 2376 2092 2421 est
2104 2380 2140 2414 de
2153 2385 2220 2415 Sa·v>
2260 2415 2262 2417 ,

1387 2440 1438 2462 cro
1450 2427 1586 2472 Collegio
1602 2451 1610 2458 -

1273 2487 1316 2510 10
1341 2474 1392 2509 Ita*
1405 2474 1427 2516 s
1425 2483 1577 2509 ervatum
1594 2472 1664 2517 fuit
1676 2474 1710 2508 in
1722 2476 1851 2519 persona
1865 2472 2044 2507 cardinalis
2056 2473 2092 2507 de
2106 2474 2211 2508 Comi-

1388 2520 1474 2557 tibus
1488 2522 1726 2556 intervenientis
1735 2522 1766 2555 in
1776 2520 1922 2555 electione
1931 2519 2031 2554 'Pauli
2039 2523 2080 2560 V.

1275 2581 1288 2604 1
1299 2582 1312 2604 1
1342 2571 1426 2604 Idem
1446 2567 1620 2610 servatum
1643 2568 1675 2602 in
1688 2566 1814 2611 persona
1826 2567 1990 2601 clementis
2001 2571 2043 2603 Χ.
2053 2565 2208 2610 occasione

1387 2617 1473 2651 Sedis
1486 2616 1642 2650 vacantis
1656 2614 1821 2648 Clementis
1836 2614 1896 2646 IX.

1271 2676 1284 2699 1
1294 2677 1311 2700 2
1334 2663 1525 2707 ‘Nominatio
1537 2661 1713 2696 cardinalis
1726 2660 1756 2694 in
1770 2658 2069 2702 Consisloriosecreto
2082 2670 2140 2693 non
2153 2659 2211 2693 ba-

1384 2709 1438 2744 bet
1450 2710 1523 2743 vim
1533 2709 1737 2753 promotionis
1749 2730 1760 2746 ,
1784 2706 1838 2751 mfi
1848 2707 1997 2752 derogata
2012 2704 2211 2747 constitutio-

1384 2768 1420 2791 ne
1435 2757 1572 2801 Eugenii
1587 2760 1648 2791 IV.

1271 2817 1308 2849 13
1341 2804 1512 2850 Episcopus
1523 2802 1641 2847 indiget
1654 2798 1917 2841 administratione
1923 2798 1988 2841 suae
2000 2797 2137 2841 Ecclesia
2150 2807 2209 2846 pro

1388 2850 1582 2897 perceptione
1587 2848 1751 2892 fruetuum
1759 2846 1783 2889 s
1779 2850 1812 2881 ui
1825 2847 2028 2891 Episcopatus
2044 2871 2051 2879 .

1273 2911 1318 2943 14
1339 2898 1488 2934 Canonici
1511 2896 1607 2930 etiam
1623 2893 1762 2937 absentes
1775 2893 1894 2928 lucrari
1915 2889 2038 2938 poffunt
2060 2894 2214 2940 quinden‘

1390 2956 1443 2980 ma
1458 2968 1466 2977 .

1272 3004 1310 3035 15
1339 2991 1414 3039 Jus
1439 2988 1673 3032 administrandi
1693 2985 1774 3022 bona
1791 2985 1930 3030 Capituli
1954 2985 2028 3022 bene
2041 2985 2210 3030 transferri

1383 3037 1476 3085 potest
1489 3039 1521 3072 in
1533 3037 1719 3072 canonicum
1730 3031 1863 3066 nondum
1874 3031 2070 3070 installatum
2086 3059 2094 3068 .

1269 3091 1311 3123 16
1338 3086 1513 3121 eanonicus
1536 3081 1668 3118 nondum
1690 3078 1869 3120 installatus
1892 3079 1987 3116 habet
2006 3080 2211 3127 potestatem»

1382 3128 1616 3171 administrandi
1636 3136 1674 3161 ea
1690 3149 1700 3166 ,
1721 3135 1789 3170 [μω
1807 3122 1947 3170 [penam
1970 3130 2011 3163 ad
2035 3125 2090 3173 jus
2111 3131 2212 3160 Cano-

1381 3189 1453 3214 niae.

1271 3239 1311 3268 17
1339 3223 1512 3268 Installatio
1524 3232 1584 3255 non
1598 3220 1771 3264 requiritur
1784 3220 1820 3253 dc
1835 3218 2007 3262 neceffi'tate
2022 3245 2030 3254 .

1271 3277 1312 3309 18
1340 3270 1514 3311 Insz’allatio
1527 3267 1702 3312 requiritur
1713 3291 1723 3306 ,
1748 3269 1872 3311 quando
1893 3268 1979 3302 alius
1993 3266 2033 3310 esi
2056 3267 2088 3301 in
2099 3263 2206 3313 poss&-

1394 3326 1464 3351 1one
1478 3339 1486 3349 .

1270 3377 1313 3410 ¹9
1336 3316 1510 3406 Insliallatio
1524 3360 1655 3406 nonfuit
1663 3357 1783 3405 frustra*
1793 3360 1927 3396 inventa
1939 3385 1949 3395 .
2066 3407 2097 3441 C
2120 3407 2141 3439 x

2110 3416 2124 3440 [⁴
2141 3420 2156 3432 a
