2295 3757
518 107 619 180 De
639 114 1068 200 Qindenniis

307 275 808 312 SUMMARIUM.

124 379 140 404 ι
165 368 377 414 'preceptores
388 383 445 405 non
453 370 526 412 sunt
538 371 685 405 Canonici
697 394 705 409 ‚
721 380 773 404 nec
786 369 983 415 Capitulares
995 395 1004 405 .

123 427 142 451 z
168 419 252 452 Fieri
275 415 362 451 debet
376 415 535 462 alliffnatio
556 416 800 451 praebendarum
816 419 1043 463 'Praeccptoria-

213 465 291 498 lium
301 465 336 498 de
350 462 561 509 proventibus
576 463 817 507 capitularibus
831 488 840 496 .

122 522 139 555 3
167 512 367 558 Qcindenm'a
391 518 610 545 enumerantur
623 511 705 544 incer
717 518 898 556 proventus
911 512 1041 558 Capitu-

211 558 297 592 lares
311 582 320 591 .

117 616 142 650 4
167 604 366 650 ,Qrindeunt'a
376 603 449 645 sunt
461 601 546 649 Juri
557 604 664 648 ignota
679 627 688 637 .

118 663 138 696 5
164 651 380 687 Emolumenta
406 649 634 695 Magistrorum
647 653 762 688 dantur
775 651 870 688 titulo
889 651 1041 698 Magislc-

207 710 274 734 ru.

255 792 723 828 CAPITULUM
780 792 944 829 CXVIII.

159 886 202 962 S
216 885 383 921 Ciendum
396 897 458 933 pro
472 886 601 922 ratione
615 886 837 922 dicendorum
851 912 860 926 ,
885 886 1038 922 Praeben-

209 933 272 969 das
286 933 552 979 Praeceptoriales
573 933 631 968 ell'e
645 934 797 969 redditus
819 934 1032 980 capitulares

159 992 216 1026 per
239 983 376 1016 Sacrum
403 981 517 1016 Concil.
532 980 815 1027 Tridc›1tin.seff.5.
829 983 865 1016 de
892 981 1031 1025 Reform.

158 1037 264 1073 calm.
277 1026 434 1072 affignari
448 1028 675 1063 demandatos
688 1027 867 1073 Magisttis‚
879 1025 932 1063 seu
946 1030 1031 1080 {²1ae-

156 1075 351 1121 eeptoribus
367 1078 469 1110 Sacrae
485 1074 658 1119 Scripturae
674 1099 682 1113 ‚
700 1077 750 1110 vel
765 1076 1006 1110 Grammaticae
1018 1099 1028 1109 .

161 1119 252 1157 Cum
264 1132 379 1157 autem
394 1122 473 1157 oriri
489 1121 590 1163 poffit
601 1121 827 1156 controversia
837 1121 922 1156 inter
931 1122 1028 1165 huju-

159 1168 268 1206 smodi
285 1172 507 1214 Praeceptores
520 1193 529 1208 ‚
553 1172 584 1203 &
599 1168 793 1214 Capitulum
810 1192 818 1207 ,
832 1169 851 1203 a
864 1179 934 1214 quo
946 1170 1027 1203 tales

157 1216 347 1253 Praebendae
376 1216 643 1261 1>raeceptoria1es
664 1213 888 1261 processerunt
899 1241 909 1255 ‚
935 1213 1027 1265 super

154 1263 310 1310 praetenla
327 1262 583 1308 participatione
594 1262 880 1307 quindenniorurn
889 1287 899 1302 ‚
912 1261 1025 1297 firina-

153 1320 210 1348 tur
221 1311 255 1347 in
267 1308 411 1356 praesenti
423 1334 433 1349 ,
444 1308 541 1354 quod
553 1309 713 1343 habentes
728 1309 925 1345 Praebendas
941 1313 1024 1345 Prae-

151 1357 353 1404 ceptoriales
365 1367 431 1391 non
443 1354 577 1402 poffunt
590 1355 790 1401 participare
802 1357 846 1395 de
857 1356 1022 1403 quinden-

152 1406 220 1442 niis
231 1406 253 1439 a·
265 1413 369 1439 manu
383 1412 518 1437 mortua
542 1402 769 1448 Emphyteuta
783 1403 906 1439 debitis
920 1404 1022 1448 Capi-

149 1455 227 1488 tulo
239 1451 396 1486 Domino
408 1449 539 1485 diresto
555 1474 564 1489 ,
579 1450 599 1484 a
613 1451 710 1492 cujus
725 1449 837 1486 Mensa
850 1477 859 1491 ,
870 1449 923 1486 seu
936 1449 1021 1485 Mas·-

151 1497 185 1535 sa
198 1496 420 1544 procefl‘erunt
442 1496 540 1531 dic'tae
556 1496 742 1533 Praebendae
755 1522 765 1536 ,
793 1497 874 1544 quia
884 1498 1020 1542 partici-

151 1545 250 1594 patio
260 1543 454 1587 hujusmodi
466 1543 752 1588 quindenniorum
761 1545 930 1589 dependet
939 1546 959 1580 a
970 1546 1022 1588 ju-

146 1605 181 1632 re
197 1592 361 1628 Canoniae
376 1591 553 1636 tamquam
568 1589 695 1626 fruc'ius
709 1591 938 1632 canonicalis,
952 1601 1021 1638 qua

100 1655 117 1680 1
145 1651 261 1678 tamen
276 1647 390 1674 carent
403 1637 525 1672 ssmiles
543 1640 766 1682 Praeeeptores
781 1663 790 1677 ,
806 1641 1020 1686 tamquam.)

143 1699 214 1725 non
229 1685 310 1722 inde
324 1684 491 1720 Canonici
507 1708 516 1722 ‚
533 1695 593 1718 nec
608 1685 823 1728 Capitulares
835 1695 903 1732 cap.
917 1691 1021 1734 quia.»

141 1733 304 1772 nonnullis
315 1742 347 1776 4.
358 1734 395 1767 de
407 1730 554 1777 Magistr.
567 1730 613 1765 ibi
630 1743 638 1765 :
662 1743 722 1767 non
735 1731 951 1780 quodpropter
961 1734 1019 1770 hoc

143 1781 296 1829 efficiatur
305 1781 480 1814 canonicus
494 1801 505 1812 .

187 1829 229 1863 In
243 1825 381 1861 nIhllum
394 1823 582 1870 refragante
596 1850 606 1865 ,
622 1824 733 1873 quod,
749 1824 827 1863 cum
842 1829 938 1871 juxta
951 1827 1020 1866 fot-

94 1892 116 1917 2
140 1886 236 1912 mam
249 1871 396 1909 Concilii
408 1874 604 1908 Lateranen.
616 1873 712 1908 relati
727 1873 759 1909 in
776 1886 858 1913 mox
883 1877 1014 1913 laudato

138 1931 211 1970 cap.
222 1923 298 1969 quia
310 1920 479 1958 nonnullis,
495 1923 538 1956 Θ·
551 1924 581 1954 S.
596 1921 712 1956 concil.
724 1923 863 1958 Trident.
873 1922 1015 1968 feff-5.de

140 1970 282 2014 Reform.
291 1975 379 2013 capa
387 1991 396 2000 .
405 1967 447 2001 de
457 1966 678 2012 proventibus
687 1967 941 2014 capitularibus
952 1969 1015 2006 fiat

139 2013 322 2061 affignatio
341 2012 597 2049 Ptaebenu'arum
623 2016 928 2060 Praeceptorialium
942 2041 953 2057 ‚
982 2021 1014 2053 &

90 2071 114 2110 '3
139 2062 228 2099 inter
252 2069 436 2107 proventus
451 2059 662 2106 Capitulares
680 2062 921 2107 proculdubio
934 2075 1014 2100 enu-

140 2116 312 2146 merentur
322 2106 576 2153 quindennia‚in
588 2108 800 2144 necefl'ariam
811 2109 1014 2157 consequen-

134 2156 223 2193 tiam
237 2154 340 2191 etiam
353 2153 396 2190 de
410 2153 627 2200 quindenniis
650 2155 852 2202 participare
868 2158 1013 2196 debeant

136 2205 378 2248 Ptaeceptotes,
389 2200 514 2237 etenim
528 2201 572 2237 ad
586 2201 700 2237 minus
712 2205 928 2249 gravandum
944 2207 1010 2243 Ca-

134 2250 279 2297 pitulum
295 2248 467 2285 verisimile
478 2248 522 2284 est
537 2273 549 2288 ,
570 2249 675 2285 citata
700 2249 780 2297 Iura
803 2252 939 2288 noluisse
952 2253 1011 2289 tti-

84 2310 110 2343 4
131 2297 231 2334 buere
243 2295 453 2342 quindenni‘a
467 2319 478 2334 ‚
490 2307 563 2341 quae
576 2295 649 2343 Juri
659 2297 781 2343 ignota
796 2323 807 2338 ,
823 2303 856 2335 δι
869 2298 1008 2338 forfitan

132 2344 177 2382 de
188 2355 231 2380 eo
244 2353 397 2389 tempore
409 2343 565 2378 noudum
575 2345 783 2386 introducta,
798 2346 927 2391 speciali
942 2361 1004 2385 no-

129 2400 169 2428 ta
181 2390 287 2437 digna
306 2398 401 2426 erant
414 2413 425 2429 ‚
451 2400 489 2425 ut
514 2389 598 2426 iuter
623 2391 777 2428 redditus
790 2396 1004 2440 capitulares

131 2435 503 2483 compraehenderentur
511 2461 521 2476 ,
532 2437 709 2483 praesertim
721 2439 755 2475 in
766 2441 910 2478 materia
919 2444 1004 2480 alias

132 2484 248 2521 strieta
261 2507 272 2523 ,
295 2487 328 2518 &
349 2481 470 2519 odiosa
483 2484 529 2519 ob
553 2484 633 2520 inde
649 2488 903 2534 contingentem
917 2490 1005 2527 inter

131 2542 192 2567 eos
215 2529 417 2566 divisionem
435 2541 475 2565 ex
492 2529 716 2577 affignatione
730 2536 830 2570 unius
850 2537 1004 2574 Praeben-

131 2580 183 2615 dae
213 2576 353 2613 cuilibet
376 2576 539 2623 Magistro
561 2603 571 2618 ‚
599 2582 633 2614 &
655 2581 737 2627 quia
758 2581 852 2618 dicta
874 2587 1004 2621 emolu-

83 2639 102 2673 ς
129 2633 246 2663 menta
270 2623 483 2669 Capitulatia
496 2636 565 2661 non
586 2626 795 2673 assignantur
816 2630 918 2666 titulo
935 2634 1002 2670 Ca-

128 2671 239 2710 noniae
249 2696 260 2713 ,
274 2669 330 2706 sed
341 2669 445 2706 titulo
459 2671 642 2718 Magisterii
657 2699 667 2716 ,
681 2673 736 2711 seu
752 2677 980 2724 Praeceptotiae
991 2705 1001 2717 .

150 2780 894 2847 ARGUMENTDM.

26 2906 364 2957 cappellaniAffifii,
379 2905 446 2942 five
457 2907 681 2945 Manfionarii
693 2910 824 2950 illarum
835 2914 1002 2954 Ecclefia-,

77 2969 171 2997 rum,
196 2967 264 2991 non
276 2965 392 2991 tamen
404 2955 665 2991 canonicalium
680 2981 691 2996 ‚
716 2959 824 3006 licque
843 2973 912 2998 nou
927 2965 996 2999 Ca.

74 3004 277 3041 thedralium
289 3027 299 3043 ,
315 3012 375 3039 nec
388 3002 657 3047 Collegiatarum
672 3028 682 3039 .
695 3003 729 3040 in
743 3005 866 3050 quibus
877 3008 995 3045 intitu-

74 3052 136 3087 lati
148 3050 268 3091 sunr‚&
281 3049 488 3096 participant
500 3050 542 3084 de
556 3049 661 3086 Massa
674 3055 849 3088 communi
861 3055 993 3092 insimul

73 3110 154 3134 cum
165 3096 376 3134 Beneficiatis
386 3120 397 3137 ,
410 3096 522 3132 immo
536 3096 680 3136 stallum,
693 3102 725 3133 δε
740 3101 853 3136 locum
865 3100 992 3138 habent

73 3145 109 3182 in
123 3143 243 3181 Choro
256 3168 266 3183 ‚
291 3155 331 3180 ac
346 3155 465 3179 vocem
479 3143 514 3179 in
528 3143 692 3190 capitulo
704 3171 714 3186 ,
726 3144 778 3181 seu
793 3148 992 3195 Congrega-

72 3193 167 3229 tione
178 3214 189 3229 ‚
212 3190 410 3236 participare
434 3190 558 3226 debent
570 3193 612 3226 de
637 3193 854 3237 quindenniis
875 3206 993 3235 eorum

71 3237 227 3293 Ecclesiis
238 3236 360 3273 debitis
373 3249 436 3283 pro
449 3237 551 3274 bonis
565 3239 682 3276 manui
696 3251 839 3277 mortuae
849 3243 993 3291 emphy-

70 3292 247 3323 teuticatis
261 3306 272 3317 .

1083 163 1100 190 ‚
1135 119 1643 208 Cap.CXV111.

1866 154 1989 218 4W

1330 287 1839 322 SUMMARIUM.

1153 387 1167 410 1
1198 381 1339 415 eononiae
1349 390 1460 416 extant
1470 382 1652 427 cappellani
1660 379 1771 424 Affifii
1784 406 1791 414 .
1812 381 1883 425 [ἱυέ
1895 384 2073 427 Manliana-

1241 428 1283 460 rii
1293 429 1324 461 in
1337 429 1577 463 Cathcdralibus
1590 454 1597 466 ,
1612 432 1655 464 (φ
1669 429 1850 474 collegiatis
1866 453 1876 463 .

1149 480 1167 503 2
1195 472 1355 509 Talesvnon
1366 477 1560 522 participant
1571 478 1607 510 de
1621 476 1820 521 quindenniis
1837 499 1847 508 .

1149 527 1164 560 3
1193 521 1323 564 Ratione
1346 534 1439 557 umus
1462 523 1586 558 tautum
1594 522 1727 565 servitii
1739 524 1873 558 videtur
1885 525 1958 569 quis
1974 526 2072 561 mule&

1239 568 1343 603 minus
1357 568 1560 610 Beneficiatus
1574 594 1582 603 .

1145 623 1168 655 4
1192 616 1336 650 Vocatur
1347 615 1443 661 massa
1457 618 1723 660 communis,quia
1738 618 1900 652 dividitur
1911 618 1994 653 inter
2002 618 2071 661 scr-

1240 663 1365 697 vicntes
1377 671 1433 707 pro
1447 665 1534 697 modo
1542 664 1674 705 servitii
1690 689 1698 697 .

1147 717 1162 746 5
1192 711 1298 751 Nemo
1308 711 1447 744 ordinari
1458 709 1551 755 potest
1567 709 1682 758 absque
1695 709 1842 752 Beneficio
1856 735 1865 745 .

1146 758 1166 789 6
1192 755 1403 793 Prd’llimonia
1416 779 1426 795 ,
1442 757 1471 801 Ji
1484 759 1595 792 dentur
1607 759 1639 793 in
1652 758 1782 793 titulum
1796 782 1805 797 ,
1827 759 1938 802 censeri
1951 758 2063 795 delient

1239 801 1390 844 Beneficia
1401 827 1409 836 .

1144 860 1164 890 7
1190 848 1264 894 Jus
1276 873 1284 888 ‚
1297 852 1380 895 quod
1391 852 1487 886 datur
1500 851 1598 885 novis
1615 850 1760 896 admiffis‚
1777 852 1909 888 habetur
1923 855 1987 889 loco
2002 855 2065 889 col-

1233 895 1362 930 lationis
1375 922 1383 931 .

1139 943 1158 977 8
1183 943 1383 987 cappellania
1395 956 1454 979 non
1467 943 1561 980 habet
1574 946 1705 981 titulum
1716 946 1909 981 collativum
1924 973 1933 981 .

1137 999 1159 1031 9
1184 989 1391 1034 cappellanus
1403 1003 1442 1025 ex
1458 994 1654 1032 Statuto‚vel
1664 994 1879 1037 consuetudine
1887 995 2061 1041 participat

1231 1038 1267 1070 de
1277 1038 1474 1082 quindenniis
1488 1065 1497 1074 .

1116 1093 1157 1117 10
1182 1083 1390 1129 Cappellanus
1400 1086 1564 1132 tamqudm
1576 1099 1633 1122 non
1648 1086 1850 1128 Beneficiatus
1857 1099 1916 1123 non
1925 1089 2058 1126 videtur

1228 1132 1419 1175 participare
1432 1133 1541 1168 dehere
1551 1136 1587 1168 de
1596 1136 1792 1179 quindenniis
1807 1159 1816 1168 .

1114 1186 1128 1210 1
1139 1185 1154 1211 1
1181 1181 1212 1213 V
1214 1179 1324 1212 enetiis
1337 1180 1453 1223 vigore
1468 1183 1586 1216 Brevis
1600 1182 1684 1215 sixti
1698 1187 1738 1216 V.
1753 1184 1825 1227 quis
1837 1185 2002 1219 ordinatur
2015 1185 2056 1218 act

1226 1224 1358 1259 titulum
1373 1227 1579 1272 Cappellaniae
1593 1251 1602 1266 ‚
1612 1237 1668 1270 Jeu
1678 1228 1809 1270 servitii
1821 1253 1830 1261 .

1112 1282 1126 1305 1
1135 1282 1153 1304 2
1179 1272 1265 1306 Idem
1275 1272 1469 1317 practicatur
1480 1276 1621 1309 Surrenti
1634 1277 1748 1320 vigore
1760 1275 1988 1318 consuetudinis
2001 1301 2012 1312 .

1109 1327 1149 1360 13
1179 1325 1224 1352 De
1238 1319 1437 1365 Cappellania
1448 1322 1596 1356 vitalitia
1613 1319 1649 1363 fit
1660 1325 1773 1357 mentio
1787 1348 1795 1357 .

1108 1374 1152 1407 14
1175 1366 1238 1400 Illa
1259 1368 1457 1411 pranicatur
1477 1370 1510 1403 in
1530 1370 1712 1405 Provincia
1733 1373 1941 1407 Tarraconen.
1964 1374 2054 1418 apud

1220 1413 1392 1458 Hispanos.

1104 1467 1143 1500 15
1174 1458 1352 1501 Beneficiati
1364 1486 1373 1501 ‚
1395 1473 1436 1498 ex
1447 1462 1590 1508 legitima
1614 1462 1710 1506 causa
1725 1467 1986 1513 quandocumque
1999 1479 2054 1502 re-

1221 1507 1345 1541 moveri
1353 1508 1475 1555 possunt
1493 1534 1503 1543 .

1106 1555 1150 1588 16
1172 1555 1337 1598 Praecipua
1361 1558 1442 1592 ratio
1456 1554 1599 1600 Beneficii
1605 1555 1670 1601 stat
1682 1558 1714 1592 in
1726 1567 1876 1606 perpetua
1887 1563 2049 1599 exaltione

1220 1600 1308 1634 illius
1315 1600 1480 1644 fruetuum
1490 1628 1499 1638 .

1108 1656 1151 1690 17
1178 1652 1226 1682 De
1236 1655 1352 1682 natura
1364 1649 1584 1693 Beneficiorum
1598 1650 1637 1694 esi
1646 1655 1859 1698 perpetuitas.

1108 1696 1150 1729 18
1177 1693 1329 1734 Beneficia
1340 1695 1457 1734 institui
1465 1696 1586 1744 possunt
1599 1701 1640 1734 ad
1653 1708 1777 1745 tempus
1790 1725 1800 1735 .

1106 1751 1148 1785 19
1174 1741 1377 1831 cappfillfznia
1392 1743 1430 1788 est
1438 1753 1625 1792 perpetuum
1638 1745 1823 1790 Beneficium
1833 1761 1874 1785 ex
1884 1759 1977 1799 parte
1988 1758 2046 1789 Be-

1219 1799 1254 1824 ne
1278 1798 1354 1825 ctatz
1368 1815 1379 1825 .

1191 1884 1661 1925 CAPITULUM
1709 1890 1834 1927 CXIX.

1073 1977 1149 2056 ΙΝ
1160 1982 1391 2025 ςαρ.ςΧχΙΙι.
1402 1981 1618 2020 firmavimus
1631 2009 1640 2023 ,
1654 1984 1842 2029 huiusmodi
1856 1989 1946 2036 Cap-

1130 2029 1277 2072 pellanos
1291 2028 1429 2065 Affifios
1447 2056 1455 2070 ‚
1475 2032 1544 2066 five
1573 2031 1818 2070 Manlionarios
1830 2036 1862 2070 in
1875 2036 1945 2073 Ca-

1073 2073 1279 2110 thedralibus
1292 2100 1303 2116 ,
1319 2079 1353 2110 &
1368 2078 1566 2114 Matricibus
1580 2079 1744 2119 Ecclefiis‚
1758 2081 1826 2117 five*
1837 2083 1942 2120 etiam

1072 2121 1283 2167 collegiatis,
1298 2123 1356 2159 ubi
1367 2134 1461 2160 extat
1474 2125 1671 2171 Capitulum
1684 2126 1941 2168 Canonicorum

1073 2171 1086 2210 (
1100 2177 1202 2214 prout
1215 2171 1298 2206 tales
1308 2170 1369 2206 effe
1383 2173 1543 2208 Bononiae
1565 2173 1704 2209 testatur
1718 2176 1799 2221 glos.
1814 2179 1848 2212 in
1860 2186 1942 2216 Pro-

1068 2216 1218 2253 haem-VI.
1231 2218 1388 2254 Decretal·
1399 2219 1501 2256 verbo
1513 2219 1532 2254 a*
1546 2222 1656 2256 multis
1666 2245 1676 2260 ,
1701 2225 1745 2259 θ’
1764 2225 1796 2258 in
1808 2225 1940 2263 Clem.1.

1068 2262 1170 2299 verbo
1182 2267 1370 2304 Matricem,
1386 2267 1422 2301 de
1432 2265 1562 2313 sentent.
1581 2272 1940 2313 excommunic.)non-,
1989 2285 2005 2310 1

1069 2309 1270 2357 participare
1282 2312 1323 2347 de
1348 2312 1566 2358 quindenniis
1589 2316 1706 2352 aftivis
1719 2341 1729 2356 ‚
1751 2318 1874 2355 debitis
1890 2321 1939 2356 vi-

1063 2357 1183 2392 delicet
1198 2358 1369 2405 Capitulis
1395 2361 1514 2398 talium
1539 2362 1757 2400 Ecclefiarum
1771 2387 1783 2403 ,
1804 2368 1938 2404 etiamsi

1063 2402 1151 2440 forte
1169 2404 1213 2440 de
1223 2406 1460 2443 consuetudine
1487 2410 1632 2446 habeant
1648 2422 1766 2447 vocem
1786 2413 1820 2449 in
1833 2415 1938 2461 Capi-

1063 2452 1161 2491 tulo,
1182 2453 1260 2488 cum
1273 2454 1387 2489 adhuc
1401 2467 1469 2491 non
1489 2456 1647 2493 dicantur
1661 2458 1796 2504 proprie*
1809 2485 1819 2500 ,
1847 2463 1935 2498 acin
1983 2476 2004 2500 2

1064 2499 1174 2544 rigore
1185 2497 1245 2535 efl‘e
1259 2500 1300 2536 de
1313 2500 1398 2546 Capi
1403 2505 1522 2543 culm&
1532 2503 1742 2543 consuetudo
1755 2510 1934 2554 tamquam

1063 2546 1166 2582 stristi
1177 2548 1259 2590 juris
1274 2574 1283 2588 ,
1296 2559 1355 2583 eos
1368 2550 1506 2595 quidem
1520 2550 1674 2587 habilitet
1683 2555 1729 2588 ad
1742 2553 1933 2593 dandum-³

1062 2604 1181 2629 eorum
1193 2592 1347 2641 suffragia
1359 2620 1369 2635 ,
1385 2601 1415 2632 δε
1428 2598 1472 2632 ad
1484 2599 1707 2635 exercendum
1721 2602 1816 2638 astus
1828 2605 1934 2651 Capi.

1061 2643 1184 2676 tulares
1197 2653 1259 2688 pto
1272 2643 1401 2678 meliori
1416 2656 1524 2680 rerum
1546 2646 1782 2684 deliberatione
1795 2676 1803 2690 ,
1831 2663 1932 2687 non-2

1062 2696 1177 2723 tamen
1201 2688 1356 2724 habilitet
1369 2690 1403 2726 in
1420 2692 1649 2737 praeiudicium
1676 2694 1932 2736 canonicorum

1061 2735 1108 2771 ad
1120 2736 1393 2781 participandum
1407 2738 1538 2776 inlimul
1551 2741 1592 2777 de
1606 2742 1838 2787 quindenniis,
1852 2745 1934 2782 hac-

1062 2793 1127 2827 que
1147 2782 1200 2817 via
1220 2783 1453 2822 diminuantur
1476 2788 1652 2832 portiones
1674 2792 1930 2837 quindenniales

1059 2829 1247 2866 Canonicis
1269 2830 1391 2875 debitae
1403 2857 1413 2872 ‚
1437 2835 1546 2872 modo
1559 2836 1578 2870 e]
1589 2839 1708 2874 contra
1727 2837 1902 2876 firmamus
1915 2865 1925 2880 ,

1057 2876 1156 2923 quod
1170 2876 1369 2923 Cappellani
1388 2880 1495 2917 Affifii
1509 2907 1518 2922 ,
1543 2883 1612 2919 five
1627 2885 1844 2922 Manlionarii
1858 2887 1927 2922 illa-

1055 2934 1130 2959 rum
1143 2925 1363 2961 Ecclefiarum
1376 2952 1388 2968 ,
1411 2940 1480 2965 non
1506 2939 1620 2967 tamen
1645 2933 1900 2968 Canonicalium
1914 2958 1923 2972 ‚

1054 2970 1165 3016 ficque
1176 2983 1245 3007 non
1261 2974 1516 3014 cathedralium
1531 3005 1540 3018 ,
1554 2991 1616 3014 nec
1630 2979 1899 3024 collegiatarum
1914 3005 1926 3019 ‚

1053 3017 1088 3053 in
1102 3018 1227 3065 quibus
1242 3020 1402 3058 intitulati
1414 3023 1489 3060 sunt
1499 3050 1509 3064 ,
1522 3026 1767 3071 &participant
1781 3027 1825 3062 de
1839 3025 1926 3062 Mas-

1052 3064 1086 3100 sa
1105 3067 1280 3102 communi
1299 3068 1430 3106 insimul
1452 3084 1528 3108 curn
1552 3073 1761 3108 Beneficiatis
1774 3097 1784 3112 ‚
1812 3073 1923 3109 imino

1051 3111 1184 3148 stallum
1195 3137 1206 3153 ,
1230 3119 1261 3149 &
1276 3117 1387 3152 iocum
1402 3117 1567 3154 habentin
1584 3119 1699 3154 Choro
1712 3143 1722 3158 ‚
1749 3130 1789 3154 ac
1803 3132 1921 3156 vocem

1052 3158 1088 3193 in
1100 3160 1263 3206 Capituio
1277 3187 1286 3201 ,
1301 3162 1353 3198 seu
1366 3163 1642 3211 Congregatione
1653 3189 1662 3204 ,
1689 3167 1922 3212 participare,

1051 3205 1177 3242 debent
1198 3208 1240 3243 de
1261 3210 1476 3255 quindenniis
1500 3223 1615 3246 eorum
1633 3213 1782 3248 Ecclefiis
1796 3215 1931 3250 debitis

1050 3263 1115 3297 pro
1124 3253 1226 3288 bonis
1245 3255 1362 3291 manui
1373 3268 1513 3292 mortuae
1527 3258 1823 3305 emphyteuticatis
1834 3287 1843 3301 ,
1867 3262 1921 3298 isti

1051 3308 1199 3343 namque
1210 3298 1284 3336 sunt
1300 3302 1377 3336 vere*
1389 3303 1582 3340 Beneficiati
1594 3306 1696 3342 etiam
1718 3309 1921 3355 magisqua·

1049 3344 1165 3380 lificati
1177 3370 1187 3386 ‚
1201 3346 1346 3391 ideoque
1357 3351 1467 3386 multo
1480 3352 1591 3398 magis
1605 3354 1796 3390 Beneficiati
1807 3381 1816 3395 ,
1839 3358 1918 3392 cum

1049 3391 1113 3427 fint
1123 3391 1170 3428 ad
1184 3395 1292 3438 majus
1302 3393 1473 3478 segitium
1485 3399 1635 3438 adstricti
1655 3402 1789 3443 ratione
1801 3404 1919 3446 ebori,

1342 3453 1344 3456 ’
1372 3453 1396 3490 g
1405 3454 1431 3490 g
1734 3455 1767 3487 &
1778 3451 1880 3488 Miss'ae
