2295 3757
511 154 608 220 De
643 144 1077 228 Quindenniis
1099 189 1114 213 ‚
1153 141 1524 228 Cap.XIX.

113 268 178 303 sem
198 267 259 302 csse
277 292 285 306 ,
312 268 442 303 ciimex
453 264 547 310 supra
558 260 723 307 congestis
745 259 1006 295 anfioritatibus

123 315 335 351 contrarium
365 322 542 361 appareat,
569 321 637 344 non
654 306 743 342 enim
760 306 933 342 necessitas
958 317 1005 341 re-

118 363 315 399 novationis
336 356 590 410 quinquennalis
602 355 712 392 tollit,
739 354 836 401 quod
850 354 1004 398 precaria

119 409 180 446 effe
197 409 299 456 poffit
314 417 489 457 perpetua,
512 403 571 439 nisi
592 402 777 448 apartibus
801 401 847 436 ad
872 411 1004 436 certum

122 467 256 503 tempus
269 458 429 493 limitetur
441 477 452 488 .
967 492 975 501 0
988 493 996 503 ¹

170 504 304 552 Qibus
327 497 516 551 praehabitis
541 523 551 539 ,
583 496 660 533 etim
671 494 827 548 ⁴Ecclesia
851 505 1003 541 precario

52 560 98 591 10
124 554 304 588 concedere
324 554 428 585 valeat
451 547 545 582 bona
564 556 633 580 non
661 546 767 580 solnm
796 546 898 589 layco
911 568 920 582 ‚
950 540 1003 576 sed

120 600 276 637 clerico,
298 599 344 632 vel
361 593 534 629 Monacho
549 618 559 632 ,
587 594 634 627 vel
651 593 746 627 alteri
775 590 920 625 Ecclesia:
933 615 943 629 ‚
970 593 1004 624 δε

120 648 166 683 fic
180 644 291 681 manui
303 651 443 678 mortuae
458 640 583 687 ,cap.si
599 639 770 686 Episcopus
787 643 899 674 12.16.
914 649 1005 685 qu.2.

121 691 287 738 Gonzalez
309 691 342 724 in
355 698 461 731 capa.
489 693 611 724 num.6.
635 689 668 723 in
682 689 833 733 principio
852 688 889 721 dc
899 697 1007 731 preca-

124 743 197 779 riis,
219 737 300 772 ideo
313 737 346 771 in
359 735 506 781 praesenti
530 745 709 770 monemus
725 759 733 773 ‚
755 733 852 780 qnod
868 745 934 766 non
951 730 1002 765 so-

55 794 97 825 11
123 789 188 822 lum
207 795 247 819 ex
258 782 470 830 emphyteusi
487 808 496 822 ,
519 781 572 817 scd
586 783 687 818 etiam
712 793 752 816 ex
769 778 915 827 precaria
943 778 1001 813 de-

124 833 242 870 bentur
260 831 470 878 quindennia
482 855 491 869 ,
504 840 606 876 prout
629 840 669 864 ex
681 827 749 874 ipsa
764 825 976 873 emphyteusi
990 850 1000 864 ,

118 878 171 916 cui
195 879 341 923 prccaria
367 878 481 913 sivnilis
495 877 540 913 est
553 903 563 918 ,
587 888 644 923 per
665 886 804 926 manum
828 884 1002 909 mortuam

117 924 311 963 retentailla
325 925 490 961 debentur
504 949 515 964 ,
538 925 666 969 Fulgin.
689 925 800 968 dc1ur.
821 922 957 967 emphyt.
971 923 1005 955 in

114 973 245 1020 praelud.
269 984 385 1020 qu.11.
405 984 480 1008 num
494 975 527 1008 6.
550 971 677 1013 Vdasc.
704 970 871 1004 meismet,
888 979 1006 1021 qu.343

115 1025 263 1056 num.16.
283 1023 408 1055 militat
439 1028 571 1064 nanque
595 1016 718 1053 eadem
739 1016 828 1052 tatio
861 1016 1006 1051 debendi

120 1068 373 1114 quindenniain
386 1065 535 1112 precaria
547 1090 556 1106 ‚
573 1064 656 1100 dum
667 1064 757 1099 idem
773 1063 1006 1114 praejudicium

123 1114 282 1151 Domino
295 1115 424 1150 directo
448 1114 482 1149 in
496 1111 656 1149 laudemii
670 1110 846 1147 amisiione
867 1111 1008 1146 intercur

124 1174 166 1197 ex
181 1173 223 1198 eo
237 1187 246 1202 ,
274 1161 371 1208 quod
382 1160 491 1197 fundo
509 1159 662 1206 precario
685 1170 742 1206 per
756 1170 896 1194 manum
919 1168 1010 1192 mor-

126 1218 224 1244 tuam
238 1234 248 1249 ,
276 1209 342 1244 sive
355 1209 534 1245 Ecclesiam
548 1206 714 1254 acquisito
727 1206 807 1242 raro
819 1231 830 1246 ,
853 1207 906 1241 vel
919 1203 1012 1240 diffi-

123 1257 187 1293 cile*
196 1256 324 1292 evenire
334 1255 445 1303 potest
457 1256 619 1292 alienatio
633 1279 644 1290 .

175 1307 214 1339 In
228 1303 369 1339 nihilum
382 1301 572 1349 refragante
585 1328 594 1342 ,
611 1301 710 1350 quod
726 1299 877 1347 precaria
890 1299 924 1336 in
938 1301 1014 1347 plu·

123 1351 217 1387 ribus
227 1353 270 1387 ab
281 1350 491 1398 emphyteusi
506 1349 641 1388 differat
651 1349 802 1385 maxime
815 1348 849 1384 in
859 1346 1014 1394 eo‚qu6d

50 1409 73 1436 1
82 1410 100 1436 2
126 1399 279 1434 renovari
291 1396 373 1434 solet
383 1398 424 1434 de
436 1397 671 1446 quinquennio
683 1398 718 1433 in
728 1396 1013 1445 quinquennium,

127 1447 177 1480 vel
191 1445 233 1480 de
246 1447 418 1482 novennio
429 1445 465 1481 in
475 1446 683 1482 novennium
699 1470 709 1485 ‚
733 1446 786 1480 vel
797 1444 831 1479 in
843 1444 935 1479 aliud
949 1454 1022 1479 ma-

123 1494 178 1538 jus
189 1503 322 1540 tempus
337 1518 346 1533 ‚
369 1493 466 1540 qnod
492 1493 527 1528 in
539 1491 752 1541 emphyteusi
775 1503 845 1527 non
867 1491 996 1527 accidit
1010 1518 1019 1532 ,

127 1540 255 1585 Fulgin.
266 1543 302 1576 de
316 1539 378 1587 jur.
391 1538 492 1587 empb.
506 1543 537 1576 in
548 1541 677 1587 praetud.
688 1552 764 1588 qu.1
775 1551 803 1576 1.
813 1550 937 1582 num.7.
948 1550 1021 1574 cum

57 1598 98 1634 13
123 1587 209 1634 seqq.
233 1587 360 1634 quippe
374 1587 561 1623 differentia
573 1586 766 1631 hujusmodi
789 1598 859 1623 non
873 1585 1023 1622 versatur

129 1635 221 1670 circa
233 1634 480 1674 substantialia,
506 1636 602 1671 sicuti
625 1635 816 1671 differentia
835 1633 870 1669 in
882 1634 1021 1681 reliquis

129 1693 194 1718 nec
204 1684 251 1718 est
262 1682 377 1728 quoad
389 1680 606 1718 substantiam
620 1708 629 1723 ‚
652 1683 755 1726 Valas
752 1695 780 1718 c.
798 1684 834 1718 de
846 1680 911 1728 jur.
923 1682 1026 1729 emph.

131 1732 610 1777 qu.34.num.14.inpr1'ncipio
621 1755 631 1770 ,
651 1729 763 1766 immo
777 1730 882 1764 etiam
908 1728 942 1764 in
955 1741 1026 1764 em-

132 1778 285 1822 phyteusi
298 1787 459 1824 perpetua
470 1802 481 1817 ,
506 1778 673 1823 signanter
687 1775 914 1813 Ecclesiastica
926 1776 1026 1811 cade-

65 1836 111 1870 14
132 1835 165 1860 re
179 1825 286 1870 potest
302 1824 481 1860 renovatio
505 1824 548 1860 de
561 1824 684 1870 viginti
705 1835 830 1861 novem
856 1824 890 1859 in
903 1823 1027 1870 viginti

132 1883 260 1907 novem
274 1883 382 1907 annos
397 1897 407 1912 ‚
432 1871 474 1906 ne
490 1872 656 1918 temporis
684 1870 898 1919 longitudine
912 1880 1028 1917 pereat

135 1919 304 1954 memoria
316 1920 532 1958 contrabius,
558 1919 744 1963 direffique
756 1917 924 1956 dominii,
949 1918 1030 1953 etim

137 1964 225 1999 alias
238 1965 382 1998 Ecclesia
395 1965 546 2010 precario
559 1964 687 2000 habens
708 1965 799 2000 bona
811 1964 946 2000 alterius
968 1966 1032 1999 Ec-

134 2012 237 2046 cleiiae
246 2009 322 2056 poss
322 2021 353 2044 sst
364 2012 423 2046 illa
438 2013 546 2046 trastu
557 2013 720 2056 temporis
735 2013 784 2047 uti
800 2013 936 2055 propria
950 2023 1031 2056 pra:-

86 2099 89 2102 ⁴
133 2057 268 2093 tendere
279 2083 286 2088 <
311 2059 443 2092 Corrad.
455 2059 490 2092 in
498 2066 597 2104 prax.
624 2060 753 2104 dispens.
765 2058 912 2105 Apostol.
922 2058 1031 2101 glib.9.

133 2115 193 2151 cap
207 2115 240 2148 4.
253 2116 302 2146 n.5
310 2116 343 2147 9.
358 2115 430 2138 cum
437 2104 528 2152 seqq.
543 2111 625 2148 Rota
634 2107 668 2140 in
681 2108 844 2142 recentior.
855 2105 1034 2151 decifi438·

138 2163 225 2188 uum.
231 2162 261 2196 3.
274 2160 364 2198 parte
379 2163 408 2186 1.
621 2171 625 2175 ·

186 2199 330 2235 Minoris
351 2209 488 2245 quoque
502 2198 701 2236 'relevanriae
722 2199 768 2236 est
779 2199 929 2241 asserere,
953 2211 1036 2237 con·

139 2248 286 2283 trastum
297 2245 492 2290 hujusmodi
502 2247 658 2292 precaria:
670 2260 737 2283 non
748 2247 808 2284 esse
819 2257 1035 2294 perpetuum,

138 2295 250 2341 sicque
271 2292 413 2330 nonesle
425 2296 540 2329 locum
567 2294 781 2340 quindennio
793 2307 835 2331 ex
847 2307 889 2331 eo
903 2319 912 2334 ‚
933 2295 1032 2342 quod

140 2343 256 2389 vigore
269 2339 430 2376 faciendae
444 2342 675 2377 renovationis
689 2342 732 2378 de
747 2343 982 2390 quinquennio
997 2342 1032 2377 in

139 2389 410 2437 quinquennium
421 2413 431 2427 ,
445 2390 495 2422 vel
508 2388 550 2423 de
562 2390 735 2425 novennio
755 2391 788 2425 in
802 2390 1011 2426 novennium
1023 2414 1036 2431 ‚

140 2438 192 2473 vel
204 2436 247 2472 de
263 2434 360 2470 simili
383 2435 420 2469 in
434 2435 536 2471 simile
546 2446 683 2483 tempus
694 2462 703 2476 ,
727 2437 823 2485 quasi
836 2435 934 2483 quod
948 2448 1039 2483 quo-

140 2483 222 2519 libet
233 2493 383 2527 tempore
395 2482 434 2517 sit
445 2494 557 2518 novus
568 2485 762 2521 contraistus
773 2509 784 2525 ,
799 2486 883 2531 qnia
898 2495 970 2521 vere
982 2483 1039 2520 hic

144 2532 340 2567 contrastus
355 2530 397 2565 de
411 2529 458 2564 sui
473 2540 595 2567 natura
606 2531 651 2566 est
663 2543 842 2577 perpetuus
852 2559 860 2573 ,
876 2542 917 2567 ac
930 2531 979 2567 uti
991 2542 1046 2567 ta-

144 2577 188 2615 lis
198 2577 369 2614 obnoxius
382 2577 618 2623 quindenniis,
631 2578 721 2614 illius
737 2589 851 2616 autem
865 2579 1045 2615 renovatio

146 2637 217 2662 non
233 2623 284 2664 fit,
297 2625 390 2670 quasi
406 2636 463 2671 per
475 2625 606 2670 singula
617 2624 717 2662 lustra
727 2625 916 2663 renascatur
928 2636 1042 2661 novus

144 2673 342 2709 contraetus
355 2695 365 2710 ,
384 2670 462 2707 esset
475 2672 566 2707 enim
592 2682 673 2708 tunc
685 2684 774 2718 opus
795 2685 888 2710 nova
908 2673 1043 2709 conces-

67 2730 119 2764 ·15
148 2721 238 2756 sione
253 2743 264 2758 ,
275 2729 336 2754 nec
350 2717 514 2754 sufficeret
525 2717 595 2755 sola
605 2720 787 2756 renovatio
798 2745 807 2760 ,
821 2732 895 2766 quae
906 2721 953 2757 ad
967 2731 1044 2756 ma-

145 2770 256 2813 jorem
269 2768 435 2800 cautelam
454 2764 588 2801 inservit
611 2778 675 2812 pro
697 2766 954 2804 conservatione
971 2779 1043 2804 me-

146 2814 260 2851 moriae
274 2812 393 2848 direffi
407 2812 572 2854 dominii,
596 2814 723 2856 Valasc.
736 2817 773 2851 de
785 2814 854 2862 jure
862 2816 1044 2863 emphyteu-

147 2866 210 2899 tico
235 2859 398 2907 quoeftione
422 2871 478 2904 34-
502 2872 647 2896 num.1o.
673 2861 765 2897 Hinc
790 2862 837 2897 est
850 2887 860 2902 ,
886 2864 984 2909 quod
1008 2862 1045 2897 in

80 2911 126 2948 16
149 2907 342 2954 hujusmodi
364 2907 584 2943 renovatione
619 2919 689 2944 non
713 2909 929 2956 requiruntur
960 2907 1047 2943 sole-

149 2957 312 2993 mnitates
323 2979 333 2994 ‚
359 2965 432 3000 quae
442 2954 656 3001 requiruntur
670 2955 704 2990 in
716 2956 921 2995 alienatione
931 2966 1044 2991 terum

150 3003 303 3040 Ecclesiae
325 3026 335 3041 ‚
357 3001 486 3049 quippe
506 3001 685 3036 renovatio
713 3013 823 3038 novus
847 3004 1046 3038 contraetus

151 3063 221 3086 non
234 3050 280 3085 est
291 3074 303 3088 ,
324 3049 492 3094 Gonzalez
515 3049 548 3084 in
558 3057 667 3095 cap-1·
681 3060 805 3094 numq-
825 3051 859 3085 in
869 3050 1024 3097 principio
1034 3072 1046 3088 ,

157 3100 195 3134 de
202 3097 357 3145 precariis
368 3121 377 3131 .

203 3146 337 3179 Eodem
369 3141 476 3179 ferme
508 3143 613 3191 paeto
652 3139 976 3180 irrelevantiffimum
1000 3142 1047 3179 est

157 3188 328 3233 objeetum
350 3213 361 3230 ,
384 3191 482 3237 quod
506 3191 729 3237 quantumvis
753 3190 801 3225 ob
822 3191 1047 3227 retentionem

159 3236 328 3272 bonorum
342 3238 494 3283 precario
504 3237 736 3273 concessorum
752 3239 854 3284 penes
866 3239 1047 3275 Ecclesiam

157 3280 286 3319 resultet
296 3284 460 3321 damnum
470 3283 660 3321 amissionis
671 3285 934 3325 laudemiorum‚
945 3294 1051 3330 prout

161 3327 294 3365 resultat
317 3330 364 3364 ob
378 3333 600 3367 retentionem
613 3331 782 3367 bonorum
797 3333 830 3366 in
846 3333 1048 3378 emphyteu-

162 3377 223 3412 sim
244 3375 470 3413 concessorum
484 3403 494 3416 ,
515 3389 669 3414 attamen
695 3378 786 3414 istud
809 3377 887 3414 satis
901 3404 910 3418 ‚
935 3379 1046 3415 immo

162 3421 376 3461 abundanter
385 3423 638 3470 compensatum
658 3435 808 3462 remanet
833 3437 891 3472 per
905 3438 1049 3464 renova·

1881 144 1962 226 85

1064 256 1194 292 tionem
1205 255 1240 291 in
1251 255 1404 302 precariae
1422 254 1598 290 contraau
1611 253 1681 290 lieri
1704 255 1898 292 consuetam
1911 256 1956 291 de

1063 303 1297 350 quinquennio
1309 304 1342 339 in
1357 302 1625 350 quinquennium
1639 326 1649 340 ,
1671 302 1718 336 ob
1731 314 1833 346 qnam
1860 316 1956 339 reno-

1065 352 1236 387 vationem
1264 351 1415 397 quolibet
1429 348 1662 397 quinquennio
1688 349 1825 384 solvitur
1848 352 1957 386 Eccle-

1064 400 1114 434 sia:
1143 399 1293 445 precario
1325 396 1526 435 concedenti
1551 398 1820 431 emolumentum
1848 400 1956 443 quod-

1065 446 1146 481 dam
1171 457 1404 491 nuncupatum
1431 443 1601 480 Castllum
1615 469 1624 484 ,
1646 443 1701 480 scu
1724 443 1928 479 laudcmium
1945 469 1956 483 ‚

1063 494 1154 529 adeo
1168 503 1205 529 ut
1226 493 1314 528 intra
1323 492 1595 540 quinquennium
1609 490 1866 527 renovationem
1888 503 1957 527 non

1063 551 1179 587 petens
1194 564 1203 578 ,
1216 541 1333 576 incidit
1346 542 1377 575 in
1388 539 1600 575 commissum
1614 564 1622 578 ,
1650 550 1783 583 argum.
1795 549 1877 574 text.
1890 543 1921 574 in
1933 541 1955 574 l.

1064 589 1193 625 Domini
1204 589 1391 633 praediorum
1404 593 1469 630 5.C.
1483 590 1519 622 de
1528 588 1658 633 agricol.
1673 590 1716 623 (9-
1727 587 1827 630 censii.
1837 587 1894 623 lib.
1904 599 1915 621 1
1927 599 1939 621 1
1948 612 1957 621 .

1063 634 1219 683 Jacobin.
1234 636 1266 669 in
1279 635 1389 669 Auel).
1405 637 1533 682 quirem
1545 647 1572 668 η.
1582 647 1593 670 ι
1604 647 1617 678 3
1628 648 1657 669 2.
1669 637 1701 668 in
1711 633 1777 677 fine
1787 660 1795 673 ,
1811 640 1842 670 C.
1851 637 1888 670 dc
1900 639 1959 669 Sa-

1064 685 1199 726 crosanc.
1211 682 1325 723 Eccles.
1337 687 1367 717 V
1369 682 1442 723 alas
1437 694 1461 716 cv
1474 684 1510 715 de
1522 681 1591 726 jure
1604 682 1738 728 emphyt.
1750 694 1804 729 qu.
1810 695 1960 726 34.n.10.

1060 736 1091 769 in
1102 731 1164 773 sine
1177 758 1185 771 ,
1208 732 1251 766 Θ*
1272 741 1281 764 i
1295 741 1323 764 1.
1347 732 1382 764 iu
1402 730 1559 776 principio
1571 752 1579 766 ‚
1603 732 1703 764 Ciron-
1726 732 1757 764 in
1769 730 1821 775 jus
1843 736 1960 766 Canon.

1060 778 1215 816 'paratitl-
1239 779 1271 812 in
1286 781 1327 812 V.
1340 776 1397 812 lib.
1413 776 1567 810 Decretat.
1590 778 1701 819 tit.14.
1717 779 1753 811 de
1761 781 1915 823 precariis
1926 781 1959 812 in

1060 829 1216 874 principio
1227 823 1382 867 ise-siculo
1391 821 1564 870 aliquando
1575 823 1680 865 census
1691 846 1698 860 ‚
1721 825 1813 869 quasi
1829 850 1837 864 ,
1861 824 1960 872 quod

1062 875 1187 909 durum
1215 873 1371 907 videatur
1397 871 1524 912 duplici
1539 881 1641 904 onere
1655 873 1788 914 gravari
1804 874 1958 916 precario

1063 920 1282 966 recipientem
1297 944 1306 957 ,
1334 930 1371 953 ut
1384 918 1504 963 nempe
1518 917 1673 965 quolibet
1686 920 1808 963 quinto
1834 931 1896 963 pro
1910 932 1958 955 re·
1988 922 2027 956 18

1065 966 1251 1004 novatione
1266 991 1276 1005 ‚
1291 970 1324 1001 δι
1337 967 1489 1010 quolibet
1504 965 1640 1000 decimo
1653 967 1776 1011 quinto
1791 975 1884 1001 anno
1898 980 1960 1011 pro

1064 1014 1298 1063 quindenum,
1321 1018 1433 1049 Marta
1455 1015 1490 1048 de
1501 1011 1648 1058 jerisdiffl.
1672 1021 1791 1058 paraq„
1803 1023 1962 1049 centum.

1065 1064 1139 1106 casu
1157 1074 1234 1107 173.
1248 1073 1394 1097 num.11.
1409 1061 1576 1107 quoniam
1590 1060 1810 1107 quantumvis
1826 1059 1964 1107 singulis

1065 1112 1218 1158 quinque
1244 1110 1342 1145 annis
1368 1108 1545 1143 occasione
1567 1107 1802 1142 renovationis
1826 1118 1907 1143 tnnc
1917 1107 1967 1144 fa-

1068 1159 1196 1194 ciendae
1209 1157 1294 1205 quid
1306 1155 1455 1191 solvatur
1466 1181 1474 1194 ‚
1491 1154 1703 1202 proindeque
1717 1153 1906 1191 consultum
1919 1168 1969 1192 re-

1069 1215 1208 1241 maneat
1220 1204 1434 1240 indemnitati
1447 1202 1665 1238 concedentis
1681 1229 1690 1243 ,
1701 1201 1769 1238 hoc
1783 1215 1849 1238 non
1865 1204 1968 1244 tollit,

1070 1253 1168 1300 quod
1190 1251 1327 1298 singulis
1349 1251 1545 1298 quindecim
1571 1250 1670 1286 annis
1692 1250 1796 1286 etiam
1819 1249 1969 1286 solvatur

1071 1300 1320 1344 quindennium
1332 1324 1340 1338 ‚
1356 1299 1435 1334 cum
1449 1298 1700 1344 praeponderare
1711 1297 1835 1333 debeat
1846 1324 1855 1337 ,
1872 1299 1970 1345 qudd
1998 1309 2039 1342 19

1073 1360 1132 1384 nec
1143 1360 1182 1383 ex
1197 1346 1348 1394 precaria
1359 1345 1501 1382 solvitur
1510 1357 1644 1382 annuus
1659 1357 1770 1382 canon
1785 1357 1825 1382 cx
1840 1345 1974 1390 praecisa

1072 1394 1263 1431 necessitate
1278 1419 1287 1434 ,
1314 1403 1416 1436 prout
1441 1393 1580 1429 solvitur
1606 1404 1647 1428 ex
1659 1394 1894 1438 emphyteusi,
1918 1394 1974 1429 sed

1077 1442 1287 1490 quandoque
1299 1441 1416 1488 aliqua
1429 1440 1544 1487 pensio
1555 1466 1566 1480 ‚
1596 1443 1629 1474 ἃ
1643 1441 1851 1487 quandoque
1862 1444 1950 1476 nulla
1961 1466 1972 1480 ,

1077 1502 1117 1526 ut
1143 1500 1243 1526 notat
1266 1489 1434 1534 Gonzalez
1452 1491 1484 1523 in
1498 1498 1603 1533 capa.
1623 1499 1745 1532 num.4.
1762 1487 1828 1535 posi
1838 1491 1977 1524 medium

1077 1537 1237 1582 versiculo
1255 1538 1399 1582 precaria
1422 1535 1501 1572 vero
1528 1537 1565 1571 de
1587 1537 1742 1582 precariis
1757 1561 1766 1575 ,
1790 1537 1881 1571 unde
1907 1547 1977 1571 non

1080 1586 1206 1622 mirum
1220 1610 1229 1625 ,
1245 1585 1267 1619 si
1279 1581 1476 1619 solvendum
1488 1583 1528 1619 sit
1537 1582 1786 1630 quindenninm
1800 1595 1810 1622 3
1826 1582 1949 1618 omisso
1963 1607 1974 1622 ,

1079 1632 1179 1680 qudd
1197 1643 1257 1668 nec
1272 1630 1396 1676 semper
1418 1631 1615 1666 renovanda
1629 1630 1677 1664 est
1696 1631 1846 1674 precaria
1859 1656 1869 1670 ‚
1893 1632 1978 1666 dum
2004 1642 2049 1669 ιο

1083 1693 1140 1727 per
1153 1678 1416 1716 conventionem
1430 1676 1499 1714 sieri
1509 1677 1618 1723 potest
1633 1702 1643 1716 ,
1668 1675 1765 1722 quod
1777 1676 1901 1723 absque
1912 1679 1981 1713 alia

1083 1725 1305 1764 renovatione
1317 1725 1524 1760 concedatur
1537 1726 1570 1761 in
1585 1735 1787 1769 perpetuum
1799 1748 1809 1762 ,
1823 1727 1936 1760 Dartis
1947 1726 1981 1759 in

1086 1783 1212 1812 Decret.
1227 1775 1374 1809 Gratiana.
1400 1774 1442 1807 ad
1451 1772 1597 1816 caus.10.
1618 1769 1781 1819 questione
1793 1784 1826 1806 2.
1838 1773 1930 1807 litera
1942 1778 1986 1807 D.

1086 1821 1271 1866 col.2.folio
1281 1820 1361 1855 mihi
1376 1830 1439 1864 203
1449 1844 1458 1853 .

1136 1870 1211 1903 Nec
1224 1867 1368 1903 minoris
1381 1866 1542 1911 ponderis
1552 1866 1598 1902 est
1609 1865 1734 1902 circum
1741 1865 1860 1902 stantIa
1870 1863 1987 1913 ,quod

1086 1916 1167 1952 cum
1183 1915 1294 1950 immo
1306 1914 1455 1961 precaria
1465 1913 1526 1949 esi'e
1541 1926 1611 1950 non
1623 1913 1726 1959 poffit
1738 1925 1899 1960 perpetua
1909 1917 1988 1959 jux-

1089 1974 1126 1999 ta
1140 1962 1405 2007 prohibitionem
1419 1961 1453 1996 in
1469 1962 1705 1996 Ravennaten.
1719 1962 1862 2005 Synodo
1875 1961 1916 1996 de
1927 1972 1987 1996 an·
2013 1973 2031 1996 2
2040 1972 2054 2000 1

1091 2023 1137 2046 no
1149 2013 1232 2056 9‘04.
1247 2010 1267 2045 a
1282 2009 1412 2056 Ioanne
1423 2010 1483 2042 IX.
1499 2006 1671 2049 factam&
1684 2010 1706 2044 a
1719 2007 1893 2053 Gregorio
1906 2009 1988 2043 VII.

1091 2059 1299 2104 tandemque
1323 2056 1368 2092 ab
1395 2055 1540 2091 Urbano
1568 2057 1614 2089 H.
1639 2056 1683 2091 de
1704 2065 1798 2090 anno
1818 2060 1921 2099 1096.
1952 2055 1988 2090 in

1094 2105 1256 2141 Concilio
1271 2106 1430 2140 Turonen
1444 2128 1454 2142 ,
1483 2104 1628 2148 indeque
1642 2104 1684 2138 dc
1697 2103 1934 2149 quinquennio
1954 2102 1988 2138 in
2014 2115 2059 2138 22

1094 2151 1365 2199 quinquennium
1376 2150 1573 2186 renovanda
1582 2149 1627 2184 ad
1639 2149 1838 2185 evitandam
1848 2161 1991 2185 omnem

1094 2198 1232 2236 exosam
1244 2197 1503 2243 perpetuitatem
1513 2222 1523 2236 ,
1537 2198 1706 2243 Ganzalez
1716 2199 1750 2232 in
1759 2209 1795 2232 ca
1819 2209 1864 2232 .1.
1875 2209 1992 2232 nu.1o.

1093 2250 1128 2284 in
1149 2247 1304 2294 principio
1327 2246 1364 2280 de
1380 2246 1536 2290 precariis
1549 2269 1558 2283 ,
1587 2242 1687 2280 cessat
1714 2255 1779 2279 cau
1794 2254 1815 2279 a
1840 2242 1992 2280 solvendi

1092 2291 1339 2342 quindennium
1354 2317 1362 2331 ,
1375 2304 1415 2326 ex
1427 2302 1469 2326 eo
1479 2316 1490 2330 ,
1502 2292 1601 2338 quod
1612 2303 1681 2327 non
1694 2290 1794 2327 cessat
1805 2290 1874 2338 spes
1885 2292 1993 2328 devo-

1090 2339 1230 2378 lutionis
1243 2338 1290 2375 ad
1303 2338 1548 2374 concedentem
1558 2364 1566 2379 ,
1578 2340 1659 2386 quia
1669 2338 1784 2383 potius
1796 2339 1830 2374 in
1844 2339 1914 2375 alio
1924 2338 1994 2375 sen·

1095 2389 1130 2426 su
1144 2397 1360 2433 perpetuatur
1371 2410 1381 2425 ,
1401 2385 1487 2421 dum
1499 2385 1541 2421 de
1553 2384 1600 2421 sui
1612 2397 1733 2422 natura
1749 2386 1793 2423 de
1804 2388 1994 2435 quinquen*

1097 2436 1156 2474 nio
1166 2435 1201 2472 in
1214 2433 1485 2481 quinquennium
1500 2444 1683 2475 renovatur
1698 2459 1710 2474 ‚

1985 551 2024 583 ¹7

1296 2550 1936 2604 ARGUMENTUM.

1100 2674 1154 2708 Ex
1163 2670 1374 2718 emphyteusi
1395 2669 1608 2706 haereditaria
1621 2670 1775 2707 concessa
1789 2683 1853 2719 pro
1864 2672 2000 2720 quibus-

1146 2730 1306 2766 cumque,
1320 2718 1445 2765 quibus
1462 2717 1607 2756 dederit,
1623 2722 1657 2754 δι
1667 2720 1993 2766 quomodocumque

1103 2764 1108 2767 ’
1147 2765 1342 2802 tranfitoria
1367 2766 1414 2801 ad
1427 2775 1629 2805 extraneos,
1651 2776 1692 2802 ac
1716 2779 1774 2811 per
1796 2766 1999 2811 consequens

1146 2813 1194 2849 ad
1208 2823 1330 2849 manus
1341 2822 1516 2852 mortuas,
1540 2812 1654 2850 adhuc
1669 2814 1813 2850 debetur
1836 2813 2001 2859 quinden-

1148 2872 1243 2897 nium
1255 2884 1267 2895 .

1309 2908 1822 2946 SUMMARIUM.

1122 3016 1149 3039 -ι
1199 3001 1359 3039 Pluribus
1369 3003 1400 3037 in
1410 3003 1489 3038 locis
1501 3005 1596 3050 viget
1609 3003 1794 3045 consuetudo
1805 3027 1815 3043 ,
1825 3000 1909 3048 quiid
1917 3002 2099 3049 emphyteu-

1243 3050 1287 3094 fis
1301 3049 1483 3094 transitoria
1491 3050 1535 3095 sit
1547 3053 1588 3086 ad
1601 3060 1768 3085 extraneos
1781 3075 1789 3083 .

1201 3102 1241 3132 In
1252 3097 1466 3143 ‘Portugalliae
1478 3106 1583 3143 Regno
1593 3100 1698 3132 eadem
1712 3099 1809 3143 viget
1819 3097 2005 3141 consuetudo
2018 3123 2028 3132 .

1217 3151 1321 3180 Proui
1333 3146 1365 3179 in
1379 3146 1494 3179 ditione
1509 3151 1689 3178 Mantuana
1701 3169 1710 3178 .

1201 3191 1417 3238 Empbyteufis
1427 3192 1542 3227 dicitur
1552 3189 1733 3233 tranfitoria
1756 3193 1797 3227 ad
1807 3201 1974 3228 extraneos
1987 3193 2102 3237 vigare

1249 3238 1396 3281 clausulae
1419 3237 1453 3271 in
1466 3241 1667 3281 perpetuum
1677 3263 1686 3277 ‚
1711 3239 1756 3274 ad
1784 3239 1978 3274 habendum
1994 3263 2002 3277 ,
2026 3240 2101 3285 qui-

1247 3285 1310 3320 bus
1323 3282 1456 3319 dederit
1469 3308 1478 3322 ,
1489 3282 1776 3330 quibuscumque,
1804 3286 1964 3330 &similis
1973 3310 1983 3319 .

1202 3334 1379 3368 Limitatur
1389 3331 1419 3364 in
1433 3330 1622 3376 emphyteusi
1637 3333 1849 3376 Ecclesiastica
1862 3359 1872 3367 .

1201 3383 1253 3416 Ex
1264 3376 1452 3423 emphyteusi
1461 3375 1663 3413 haereditaria
1674 3381 1809 3425 concessa
1828 3389 1888 3424 pro
1900 3378 2103 3425 quibuscum-

1247 3436 1308 3470 que
1320 3448 1332 3464 ‚
1346 3422 1464 3472 quibus
1480 3425 1599 3460 dederit
1613 3450 1625 3466 ‚
1645 3428 1691 3461 &¹
1703 3428 1992 3473 quomodocumque
2017 3436 2106 3463 tran-

1947 3473 2062 3519 fitoria

1132 3111 1152 3134 2

1110 3157 1165 3190 .3.

1130 3204 1157 3238 4

1128 3346 1152 3418 ἓ
