2295 3757
548 113 647 176 De
666 107 1112 192 Qindenniis,
1130 106 1289 191 Cap.
1310 106 1514 171 LXII.

124 222 274 259 mittitur
286 223 514 272 emphyteuta
525 234 648 273 pauper
660 226 794 262 debkor
803 234 973 260 canonum
982 247 993 265 ,

122 271 250 318 Fulgin.
261 274 297 308 de
313 271 379 317 iure
389 272 525 319 emphyt.
533 276 583 308 tit.
598 277 634 310 de
642 274 790 315 solution.
804 283 911 306 canon.
925 282 993 318 q.1.

123 329 259 363 nte-305.
272 321 392 362 Velafc.
405 321 602 366 deprivilcg.
639 329 746 365 anper.
761 328 864 359 par-1.
877 329 951 364 (μς
964 330 992 360 3·

123 376 214 408 ηις.
227 368 419 403 Ancharan.
430 377 483 412 qu.
497 367 581 413 Jur,
615 368 700 402 amil.
715 364 770 401 lib.
781 378 790 399 ι
800 390 808 399 .
821 375 909 412 qu.2.
925 377 991 406 n.5.

123 413 254 449 calvin.
266 417 303 449 de
312 417 418 462 aequi’t.
428 413 632 458 lib-1.cap.7.
649 425 762 449 nu.10.
775 418 885 448 Maur.
902 412 992 453 deso-

71 502 74 503 7
123 460 223 496 lution
247 472 350 508 cap.5.
363 472 507 503 num-13-
520 463 596 496 'Pax
609 459 749 506 Jordan.
764 457 872 496 luculi.
886 458 992 502 vol.3.

121 506 237 553 lib-14.
250 506 583 552 tit.2o.n.445.fol.41
592 511 624 544 3.
637 511 759 544 &tim
768 521 783 542 ι
800 516 993 548 n.135.cum

119 555 184 603 seq.
191 556 334 601 f01·447-
348 561 517 598 Gutterrez
529 556 597 590 dela
616 561 739 590 Huerta
761 556 796 589 de
817 552 991 599 compensa-

122 605 200 639 tion.
214 602 305 638 liba.
318 614 429 650 qu.13.
440 613 460 635 n
476 606 528 638 26.
542 602 683 648 cumseq.
696 611 808 636 tom.1.
829 611 990 645 compen-

125 648 208 684 satio
219 649 306 685 enim
321 650 365 684 est
377 646 521 683 fundata
533 648 565 683 in
576 650 731 694 aequitate
742 674 750 684 ,
764 653 795 683 δι
808 645 991 683 miseracio-

57 701 100 742 36
125 697 177 733 nis
186 695 295 736 causa,
306 697 428 732 Gutier.
439 698 493 731 cit.
502 698 584 732 trat‘i
596 705 670 732 tom.
679 695 802 731 1.lib.1.
812 705 997 743 q.15.n.31.

127 813 894 866 ARGUMENTUM.

32 931 238 980 Qindennii
262 931 395 968 taxatio
413 931 599 979 regulando.
622 932 668 968 est
685 933 781 975 juxta
803 929 993 967 :estimatio-

77 990 154 1020 uem
165 990 350 1015 currentem
365 980 408 1015 de
427 989 580 1026 tempore
600 977 823 1015 concessionis
844 976 993 1024 Emphy-

78 1027 206 1064 teuticae
221 1028 335 1062 manui
351 1038 489 1063 mortuae
503 1027 597 1063 fafiae
610 1051 620 1068 ,
645 1039 714 1062 non
727 1036 839 1060 autem
853 1025 895 1060 de
908 1035 994 1060 tem-

78 1085 158 1119 pore
167 1074 325 1122 praeseuti,
339 1074 514 1111 solutionis
527 1074 649 1120 nempe
661 1071 972 1120 ipfiusquindeunii
983 1097 994 1109 .

265 1169 764 1206 SUMMARIUM.

83 1276 102 1304 ι,
127 1264 322 1312 Qindennii
331 1265 456 1300 taxatio
466 1264 640 1310 regulanda
662 1261 702 1304 eft
716 1260 812 1308 juxta
825 1260 999 1305 aestimatio-

173 1323 242 1346 nem
254 1321 426 1346 currentem
437 1314 474 1345 de
484 1320 621 1356 tempore
630 1306 824 1353 conceffionis
836 1334 845 1344 .

80 1370 101 1394 ι
124 1357 266 1447 Debitob
266 1358 399 1401 censetur
411 1358 513 1394 mimis
525 1357 582 1404 effe
597 1366 768 1403 gravatus
778 1380 788 1395 ‚
822 1355 918 1403 qua'm
930 1354 999 1398 fieri

194 1414 242 1440 ote
279 1429 288 1438 .
408 1439 411 1442 .

80 1464 98 1498 3
126 1414 333 1487 Oblviandnm
345 1449 384 1489 esi
396 1453 550 1488 avaritia:
564 1477 573 1486 .

77 1510 102 1544 4
127 1501 334 1534 Laudemium
345 1499 464 1541 Cesenae
478 1499 517 1541 esi
534 1497 790 1546 quinquagesima
804 1522 815 1532 .

84 1559 100 1590 5
128 1546 342 1592 Empbyteusis
349 1548 444 1580 datur
456 1549 497 1581 ad
511 1547 738 1581 meliorantium
751 1570 760 1580 .

80 1597 105 1630 6
129 1591 338 1628 obviandum
348 1592 387 1634 est
390 1591 566 1636 fraudibus
582 1617 593 1627 .

79 1651 102 1684 7
130 1645 168 1675 In
177 1638 271 1674 dubio
278 1639 427 1683 facienda
440 1638 479 1674 eli
492 1640 708 1686 interpretatio
722 1646 830 1674 contra
842 1649 923 1678 eum,
940 1640 996 1685 qui

177 1685 289 1721 verbis
300 1687 396 1721 claris
407 1695 539 1721 mentem
548 1698 607 1721 non
621 1687 801 1732 explicavit
812 1710 822 1719 .

85 1737 105 1771 8
132 1735 266 1779 Tempus
287 1735 464 1768 contraelus
484 1735 658 1768 attenditur
678 1735 718 1769 ad
738 1733 999 1778 cognoscendunu

174 1781 252 1826 quid
261 1782 374 1815 veniat
382 1782 414 1814 in
428 1779 619 1826 obligatione
628 1805 638 1815 .

81 1839 105 1872 9
130 1831 272 1862 Futurus
280 1826 382 1869 slatus
392 1825 467 1862 bene
478 1828 569 1872 potest
584 1829 615 1862 in
623 1838 738 1872 genere
748 1827 892 1872 cogitari,
905 1837 1003 1873 quan-

175 1876 214 1909 do
227 1876 337 1919 agitur
350 1876 497 1908 detractu
507 1872 676 1917 (ucceffivo
688 1899 697 1906 .

63 1931 107 1956 ιο
133 1923 342 1956 Laudemium
357 1919 568 1962 aestimandum
580 1922 711 1956 deducta
718 1919 847 1967 gabella
859 1944 870 1961 ‚
895 1932 931 1956 ac
941 1919 1003 1965 fin-

174 1969 264 2014 gulis
277 1967 413 2011 expensis
424 1991 434 2000 .

60 2027 76 2052 1
87 2028 100 2051 1
129 2015 366 2062 Qiindennium
379 2013 588 2056 aestimandum
598 2015 737 2050 deductis
747 2015 1002 2050 melioramentis.

62 2075 77 2098 1
87 2076 103 2097 2
129 2065 166 2095 tn
181 2059 390 2096 contr-unibus
399 2063 584 2096 attendenda
595 2062 633 2101 esl
647 2064 736 2108 origo
749 2088 757 2096 .
944 2067 948 2069 “

62 2121 101 2154 13
131 2110 167 2143 In
181 2109 298 2143 relevit*
309 2107 516 2142 calculatione
531 2111 734 2144 attendendus
754 2110 852 2145 valor
860 2108 951 2153 feudi
965 2110 1002 2145 de

174 2163 311 2201 tempore
322 2151 515 2197 tonceffionis
523 2180 533 2189 .
806 2183 809 2186 .

59 2213 108 2246 ¹4
131 2204 426 2246 Reiiciturcapan.
437 2201 480 2235 de
492 2203 555 2244 jur·
565 2204 666 2238 relev.
678 2213 783 2249 pam.
795 2215 890 2251 qu·7.
900 2215 972 2240 ιω..

61 2262 100 2293 15
130 2249 365 2297 Qindennium
369 2247 469 2291 simile
481 2248 521 2291 est
532 2250 656 2286 relevio
667 2275 676 2283 .

63 2303 118 2334 16'
131 2297 339 2332 Laudemium
357 2294 486 2330 debetur
498 2297 529 2330 in
536 2296 661 2339 summa
675 2296 770 2342 iuxta
787 2298 908 2341 statum
918 2300 1004 2335 anti-

175 2354 275 2388 quum
288 2368 294 2380 ‚
311 2344 434 2390 quando
446 2343 557 2388 agitur
566 2345 603 2378 de
614 2348 822 2382 renovatione
835 2371 844 2381 .

63 2402 106 2434 17
132 2390 304 2428 AEst'imatz'o
313 2391 360 2424 rei
369 2388 619 2434 legataaehetur
627 2393 663 2426 de
674 2399 808 2439 tempore
819 2392 1005 2435 testamenti.

63 2450 78 2473 1
87 2441 106 2473 8
133 2435 355 2483 Compensatio,
365 2436 419 2478 seu
425 2435 613 2482 subrogatio
617 2438 764 2481 facienda
779 2440 818 2485 est
831 2439 928 2487 juxta
940 2451 1004 2477 va-

177 2483 273 2518 lorem
283 2484 318 2517 de
328 2491 464 2528 tempore
474 2486 654 2520 contractus
668 2510 678 2520 .

63 2544 107 2577 19
132 2530 232 2566 Valor
240 2529 378 2564 locorum
391 2531 552 2565 Montium
571 2530 777 2578 inspiciendus
788 2535 826 2570 de
835 2543 1004 2582 tempore.)

178 2578 358 2611 contractus
369 2600 379 2609 .

62 2637 107 2662 20
132 2626 264 2659 Auttor
275 2625 405 2657 aeturus
416 2621 455 2665 esi
464 2623 564 2658 alium
576 2626 761 2662 Trattatum
774 2627 815 2663 de
827 2628 1009 2675 Qinden-

180 2669 244 2705 niis
253 2668 366 2704 debitis
376 2671 412 2704 de
428 2669 586 2713 Beneficiis
596 2675 696 2708 unitis
707 2677 817 2710 manui
826 2686 956 2713 mortuae
965 2703 975 2712 .

65 2732 107 2757 21.
134 2718 335 2766 ,Quindennia
349 2714 499 2751 debentur
512 2720 549 2752 de
562 2718 722 2761 Beneficiis
736 2724 833 2757 unitis
840 2724 865 2766 s
860 2736 962 2771 emper
975 2727 1009 2759 in

181 2765 288 2800 eadem
300 2765 491 2806 quantitate,
497 2763 573 2807 sive
584 2766 651 2808 cres
646 2777 733 2807 cant,
746 2768 818 2812 sive
830 2772 1008 2816 decrescant

175 2811 304 2856 srubius
317 2808 538 2851 Beneficiorum
552 2835 562 2844 .

63 2873 106 2897 22
131 2861 263 2896 Auctor
273 2865 366 2903 putat
383 2858 599 2903 supr-ididiam
616 2860 819 2907 principalem
843 2863 1007 2910 resolutio-

182 2916 251 2942 nem
262 2903 318 2950 effe
325 2903 496 2947 fundatam
508 2905 539 2938 in
553 2904 702 2948 Epicheia
717 2931 726 2941 .

65 2965 107 2999 23
133 2957 241 2999 Nemo
253 2949 341 2989 debet
351 2951 537 2996 locupletari
548 2963 617 2985 cum
630 2953 734 2988 aliena
748 2952 873 3000 jablura
889 2982 899 2993 .

66 3013 110 3045 24
134 2999 341 3047 Empbyteuta
352 3007 475 3034 tenetur
486 2998 647 3033 meliorare
653 2999 788 3042 fundum
798 3026 808 3036 .

64 3060 106 3090 25
133 3050 239 3089 'Nemo
251 3044 338 3080 debet
351 3045 534 3091 locupletari
546 3056 617 3080 cum
628 3047 733 3081 aliena
746 3046 872 3092 jactura
882 3075 892 3085 .

63 3098 109 3131 26
133 3094 373 3128 Melioramenta
386 3091 582 3133 industrialia
605 3094 815 3138 acquiruntur
832 3096 1007 3134 haeredibus

180 3139 393 3184 Emphyteutae
406 3140 601 3173 meliorantis
611 3164 620 3173 .

67 3199 113 3230 27
137 3186 228 3220 Talia
242 3185 554 3228 melioramentasunt
567 3186 696 3230 diversa
708 3185 750 3222 ab
764 3187 967 3236 Empbyteusz'
975 3217 986 3227 .

66 3238 111 3270 28
136 3232 354 3274 Praeserendus
365 3233 404 3275 est
418 3234 558 3267 trabians
571 3236 608 3268 de
630 3237 742 3270 damno
756 3239 892 3274 vitando
907 3262 924 3283 ,q
944 3248 1011 3274 tra·

184 3280 282 3314 ttami
290 3280 326 3312 de
333 3279 422 3320 ,lucro
432 3281 584 3324 captando
600 3306 609 3316 .

65 3341 110 3372 ²9
136 3326 361 3361 attendendus
374 3324 412 3366 esi
424 3327 523 3360 valor
533 3328 568 3362 de
575 3335 713 3370 tempore
721 3333 900 3366 conti-attus
917 3356 927 3366 .

61 3386 111 3421 3ο
135 3371 261 3411 Fortius
268 3371 295 3417 fi
306 3371 443 3417 adfuerit
464 3372 612 3419 longaeva
633 3374 841 3421 observantia
857 3379 1009 3424 solvendi

1823 128 1947 193 295

1194 222 1304 269 quincii
1312 222 1420 255 riiiium
1431 219 1525 267 juxta
1535 217 1763 262 animationem
1772 223 1806 256 dc
1817 230 1953 269 tempore
1963 234 2034 258 con·

1199 265 1337 311 ceffionis
1350 293 1358 300 .

1079 328 1118 362 31
1146 320 1242 352 Unus
1256 318 1370 351 Doilor
1383 315 1560 361 prevalere
1572 313 1613 348 ηδ
1625 312 1713 349 debet
1725 318 1756 349 5.
1773 320 1858 358 Rota:
1875 321 2031 358 Romanae.

1077 376 1093 408 3
1103 377 1119 399 2
1145 370 1227 407 Rota
1236 363 1319 406 facit
1331 373 1524 398 communem
1535 364 1709 408 opinionem
1724 385 1734 395 .

1075 422 1115 456 33
1147 417 1193 445 De
1202 410 1293 453 facili
1305 423 1371 445 rece
1380 412 1506 445 lendum
1518 421 1575 443 non
1589 407 1627 450 esi
1643 407 1683 443 ab
1694 409 1835 451 opinione
1849 413 1933 450 Rota
1946 432 1956 441 .

1076 469 1121 502 34
1146 463 1182 492 ln
1195 458 1424 493 laudemiorum
1436 457 1592 499 solutione
1605 457 1726 491 attendi
1747 466 1807 490 non
1815 453 1838 498 s
1834 455 1895 490 olet
1908 462 2031 502 tempus

1195 502 1390 546 concessionis
1405 529 1414 538 .

1077 563 1115 597 35
1146 552 1382 599 ,Quindenntum
1391 547 1528 594 succeffit
1544 552 1609 586 loco
1621 550 1773 585 laudemii
1787 573 1799 584 .

1075 604 1119 644 36
1145 604 1195 634 Ex
1205 599 1314 645 regula
1324 597 1573 643 subrogatorum
1585 623 1593 631 .

1073 658 1116 690 37
1141 648 1156 677 1
1161 658 1180 680 n
1189 646 1342 688 solutione
1356 652 1489 681 Decime
1512 646 1689 680 attenditur
1701 652 1826 688 tempus
1839 640 1933 679 illius
1942 641 1962 686 Ι
1962 642 2031 678 olu-

1194 702 1289 728 tionis
1299 717 1309 727 .

1082 751 1098 784 3
1107 743 1125 776 8
1152 742 1360 776 Laudemium
1373 742 1468 777 etiam
1481 741 1610 775 Decima
1624 739 1804 785 appellatur
1817 763 1827 772 .

1083 798 1126 831 39
1154 787 1605 834 ,Qtindenniumsubrogatum
1617 787 1683 821 loco
1694 785 1866 820 laudemii.

1074 845 1121 878 40
1147 835 1288 879 Singulis
1309 846 1360 878 15.
1371 836 1462 870 annis
1470 834 1607 879 fingitur
1614 831 1686 875 fieri
1699 833 1920 867 alienationem
1929 854 1941 865 .

1073 892 1096 923 4
1104 892 1116 915 ι
1146 883 1298 916 Dominus
1307 884 1443 918 direttus
1455 893 1516 916 non
1527 879 1614 915 debet
1623 881 1765 915 amittere
1775 879 2008 913 melioramenta
2017 903 2028 913 .

1075 939 1120 973 42
1146 930 1232 963 Idem
1254 930 1449 964 laudemium
1462 927 1622 974 exposcere
1638 925 1732 973 potes}
1748 926 1767 960 d
1783 937 1869 960 novo
1891 925 2032 973 Empby·

1193 983 1284 1012 teuta
1293 978 1389 1010 etiam
1400 977 1517 1010 ratione
1528 974 1831 1009 melioramentorum
1845 996 1853 1005 .

1074 1032 1117 1067 43
1147 1027 1183 1057 ln
1197 1021 1410 1058 contractibus
1422 1021 1658 1064 considerandus
1670 1017 1710 1060 esi
1722 1020 1857 1054 ultimus
1867 1017 1970 1060 slatus
1985 1043 1996 1054 .

1076 1080 1125 1114 44
1148 1075 1184 1105 In
1198 1078 1323 1105 monete
1335 1069 1452 1104 valore
1463 1068 1627 1113 inspicitur
1635 1075 1759 1113 tempus
1766 1065 1934 1108 solutionis·
1948 1090 1958 1101 .

1081 1128 1124 1161 45
1153 1121 1313 1152 Attamen
1322 1118 1439 1151 dicitur
1450 1125 1540 1150 nova
1551 1113 1713 1161 acquifitio
1725 1137 1735 1148 .

1079 1170 1126 1208 46
1151 1165 1306 1199 ‘Praetium
1318 1165 1361 1198 rei
1371 1164 1544 1198 attenditur
1556 1163 1592 1196 de
1601 1170 1739 1206 tempore
1749 1159 1921 1195 evib'tionis
1933 1183 1943 1192 .

1079 1222 1125 1257 47
1151 1213 1188 1246 In
1198 1209 1268 1257 jure
1276 1211 1470 1256 praelationis
1484 1207 1643 1248 altimatio
1659 1205 1875 1254 Emphyteufis
1878 1206 2029 1252 facienda

1198 1257 1237 1299 esl
1248 1256 1342 1304 juxta
1356 1267 1478 1303 tempus
1494 1282 1502 1296 ‚
1513 1267 1574 1303 quo
1583 1253 1623 1297 fit
1632 1255 1773 1300 praelatio
1784 1274 1793 1284 ·

1078 1308 1124 1350 48
1150 1303 1405 1348 Eliimatiofieri
1419 1302 1507 1339 debet
1523 1302 1618 1347 juxta
1630 1311 1762 1347 tempus,
1774 1302 1815 1337 ad
1831 1301 1916 1348 quod
1927 1298 2033 1347 differ-

1197 1361 1252 1387 tur
1265 1352 1432 1398 exequutio
1447 1352 1625 1386 contractus
1639 1373 1648 1383 .

1089 1410 1136 1445 49
1161 1404 1198 1434 In
1203 1398 1356 1442 solutione
1369 1399 1550 1445 quindennii
1553 1396 1701 1440 facienda
1723 1394 1763 1438 es!
1785 1396 1945 1439 estimatio
1956 1399 2032 1429 Em-

1153 1483 1155 1485 ,
1202 1445 1356 1492 phyteufis
1368 1446 1480 1490 quanti
1489 1444 1584 1479 valet
1596 1443 1674 1478 utile
1685 1444 1824 1479 dominia
1830 1443 1892 1486 line
1905 1444 2032 1478 directo.

1090 1506 1133 1539 50
1159 1491 1370 1529 Excambium
1383 1496 1412 1528 V
1414 1490 1465 1536 aff
1460 1492 1522 1526 allo
1531 1489 1714 1537 promissum
1736 1491 1917 1526 calculatur
1936 1489 2033 1536 iuxta

1204 1540 1432 1580 aeJlimationem
1444 1538 1537 1580 feudi·
1545 1539 1582 1572 de
1592 1545 1725 1582 tempore
1736 1549 1768 1572 re
1774 1540 1953 1572 vocationis
1969 1561 1978 1570 .

1091 1600 1106 1631 5
1117 1600 1130 1624 1
1158 1588 1323 1622 Contraria
1333 1586 1435 1633 opinio
1447 1584 1485 1625 est
1496 1586 1608 1619 verior
1616 1585 1787 1618 tenentium
1797 1609 1808 1624 ‚
1828 1583 2029 1619 excambium

1198 1631 1255 1679 effe
1266 1633 1486 1668 calculandum
1496 1629 1591 1676 juxta
1604 1630 1831 1674 estimationem
1844 1633 1880 1668 de
1892 1639 2031 1679 tempore

1200 1677 1394 1723 conceffionis
1406 1703 1415 1713 .
1862 1689 1866 1692 ·

1087 1741 1128 1774 52
1156 1727 1301 1770 Afeudo
1315 1728 1354 1761 ad
1369 1723 1598 1772 Emphyteusim
1608 1722 1683 1760 bene
1694 1727 1845 1772 arguitur
1858 1750 1868 1759 .

1087 1788 1126 1822 53
1155 1774 1311 1822 Qalitas
1335 1773 1442 1819 juncta
1464 1771 1567 1808 verbo
1579 1772 1719 1816 regulari
1740 1772 1828 1808 debet
1836 1773 1859 1817 s
1854 1771 2031 1808 ecundam.»

1201 1830 1324 1866 tempus
1335 1819 1433 1855 verbi
1444 1843 1454 1853 .

1087 1881 1132 1916 54
1155 1869 1256 1907 Valor
1266 1869 1311 1903 rei
1324 1868 1463 1901 vendita
1478 1868 1652 1902 attenditur
1668 1874 1802 1912 tempore
1811 1867 2009 1903 venditionis
2018 1890 2032 1906 ,

1200 1915 1272 1950 etim
1285 1914 1373 1950 aliud
1382 1912 1422 1960 fit
1434 1915 1578 1949 venditio
1589 1937 1599 1953 ,
1622 1915 1666 1950 &
1687 1914 1776 1950 aliud
1794 1911 1947 1961 promiffio
1959 1916 2030 1952 de)

1202 1964 1367 1997 vendendo
1380 1985 1389 1995 .

1085 2022 1124 2057 55
1154 2010 1264 2047 ,Aliud
1276 2009 1314 2049 est
1322 2008 1438 2051 solutio
1451 2008 1633 2056 quindennii
1642 2034 1651 2050 ‚
1664 2010 1708 2044 Θ·
1720 2009 1809 2045 aliud
1827 2005 1982 2056 promiffio
1992 2009 2030 2047 de

1197 2057 1350 2100 solvendo
1363 2057 1551 2103 quindennio
1561 2080 1571 2089 .

1085 2110 1128 2151 56
1153 2110 1402 2151 augumentum
1411 2103 1637 2145 superveniens
1647 2127 1655 2141 ‚
1665 2100 1703 2144 eli
1716 2101 1921 2149 inseparabile
1931 2126 1943 2138 .

1084 2166 1128 2196 57
1153 2157 1401 2197 ¹augumentare
1414 2151 1530 2184 dicitur
1541 2159 1615 2195 pars
1627 2152 1672 2184 rei
1683 2158 1914 2195 augumentatae
1924 2173 1936 2184 .

1086 2214 1102 2244 5
1111 2203 1130 2237 8
1158 2201 1435 2234 Melioramentum
1445 2220 1454 2234 ‚
1466 2197 1582 2232 dicitur
1594 2221 1604 2236 ,
1618 2195 1807 2245 &efficitur
1816 2205 1895 2244 pars
1906 2197 1954 2231 rei
1963 2219 1973 2230 .

1086 2260 1131 2293 59
1156 2247 1240 2293 „Quis
1250 2256 1308 2279 non
1321 2252 1441 2279 tenetur
1449 2251 1552 2288 petere
1573 2244 1798 2282 investituram
1810 2245 1846 2278 de
1858 2253 2031 2290 augumen-

1201 2302 1245 2332 to,
1252 2292 1274 2331 s
1269 2302 1306 2326 eu
1317 2291 1548 2325 melioramento
1556 2289 1656 2334 feudi.

1084 2346 1132 2381 60
1159 2345 1264 2377 Canon
1276 2350 1336 2372 non
1349 2346 1486 2382 augetur
1500 2361 1509 2374 2
1530 2339 1604 2373 licet
1613 2347 1772 2384 augeatur
1781 2338 1879 2374 valor
1890 2337 2030 2384 Emphy-

1205 2384 1298 2430 teufis
1310 2382 1348 2420 ob
1362 2384 1630 2420 melioramentum
1644 2410 1652 2420 .

1086 2441 1129 2475 61
1156 2440 1409 2479 augumentum
1418 2454 1428 2470 ‚
1443 2430 1467 2473 s
1462 2443 1499 2465 eu
1527 2432 1796 2469 melioramentum
1818 2429 2033 2480 Emphyteufis

1202 2492 1264 2516 non
1267 2479 1290 2522 s
1285 2477 1328 2514 ub
1332 2479 1412 2523 jacet
1422 2477 1568 2513 oneribus
1580 2504 1589 2514 .

1087 2536 1131 2569 62
1157 2529 1426 2567 uldditamenttcm
1437 2523 1505 2570 ejus
1515 2536 1635 2563 naturae
1644 2525 1691 2573 eff
1687 2538 1702 2561 e
1712 2524 1910 2571 debet,cuius
1919 2539 1969 2562 res
1980 2523 2034 2566 esi.

1090 2584 1134 2624 63
1163 2572 1382 2620 Acceflorium
1386 2571 1406 2614 s
1403 2574 1530 2617 equitur
1542 2582 1690 2610 naturam
1699 2575 1718 2616 s
1715 2578 1750 2610 ui
1757 2574 1942 2622 principalis
1954 2598 1966 2610 .

1089 2631 1138 2670 64
1160 2627 1246 2660 ‘Pars
1254 2620 1426 2662 accrescens
1438 2644 1448 2659 ,
1462 2619 1602 2662 censetur
1611 2619 1775 2667 accessoria
1787 2647 1797 2657 .

1089 2680 1131 2715 65
1161 2670 1403 2707 Melioramenta
1413 2668 1561 2701 dicuntur
1568 2667 1734 2714 accessoria
1743 2669 1779 2712 su
1785 2671 1844 2704 ndo
1856 2693 1866 2704 .

1089 2725 1135 2757 65
1161 2721 1199 2754 In
1207 2716 1280 2759 casu
1292 2715 1542 2749 deteriorationis
1564 2715 1757 2752 laudemium
1769 2717 1950 2753 calculatur
1961 2718 2031 2754 de.)

1207 2771 1344 2808 tempore
1355 2761 1443 2795 illius
1451 2761 1618 2803 solutionis
1628 2786 1639 2796 .

1087 2818 1134 2856 67
1158 2809 1391 2860 Quinacnnium
1400 2806 1605 2854 subrogatum
1617 2809 1684 2845 loco
1694 2810 1846 2847 laudemii
1857 2835 1867 2846 .

1087 2866 1133 2899 68
1158 2859 1314 2897 Dominus
1327 2856 1464 2890 directus
1475 2853 1592 2892 babere
1606 2855 1695 2892 debet
1704 2856 1771 2893 ta¹m
1781 2865 2007 2904 augumentum
2018 2881 2031 2898 ‚

1206 2903 1304 2948 quam
1315 2905 1541 2938 decrementum
1550 2904 1765 2951 Empbyteufis

1087 2960 1135 2999 69
1157 2956 1265 2996 'Nemo
1277 2949 1462 2995 locupletari
1474 2949 1563 2985 debet
1574 2962 1645 2985 cum
1656 2951 1758 2986 aliena
1768 2955 1891 2995 latitura
1901 2974 1911 2985 .

1086 3015 1135 3047 70
1162 2998 1299 3042 Ecclefta
1312 2996 1400 3032 debet
1412 2996 1470 3042 effe
1482 2994 1605 3038 justitia:
1617 2999 1735 3033 cultrix
1747 3022 1755 3031 .

1087 3062 1109 3091 7
1118 3062 1131 3085 1
1157 3049 1196 3081 In
1209 3045 1405 3087 aesiimatione
1419 3047 1724 3080 melioramentorum
1736 3044 1944 3089 consideratur
1955 3051 2033 3080 tem-

1201 3103 1265 3140 pus
1273 3090 1354 3139 pras
1350 3101 1403 3125 ens
1416 3115 1424 3125 .

1088 3155 1134 3188 72
1160 3142 1198 3175 In
1207 3141 1319 3187 gratia
1329 3140 1365 3172 de
1383 3146 1545 3174 vacaturo
1558 3134 1706 3178 Beneficio
1719 3140 1802 3174 tanti
1810 3139 1939 3176 valoris
1948 3163 1960 3180 ‚
1982 3147 2033 3176 at-

1207 3188 1379 3222 tendendus
1391 3183 1430 3225 esi
1441 3184 1538 3218 valor
1550 3186 1587 3219 de
1597 3187 1675 3230 pras
1673 3188 1735 3221 enti
1744 3210 1756 3222 .

1088 3248 1132 3281 73
1162 3236 1298 3271 Cretlitor
1310 3231 1382 3266 ante
1394 3233 1474 3265 diem
1485 3242 1577 3274 agere
1592 3236 1720 3277 nequit.

1089 3295 1137 3328 74
1162 3288 1200 3318 ln
1209 3276 1418 3322 solutionibus
1431 3288 1490 3312 non
1502 3280 1685 3314 admittitur
1696 3283 1894 3317 retroit-attio
1903 3306 1915 3317 .

1090 3342 1133 3376 75
1161 3332 1198 3365 1η
1206 3329 1298 3374 patio
1311 3329 1347 3360 de
1361 3321 1560 3375 affrancando
1583 3339 1647 3361 rem
1672 3328 1874 3363 livellariam
1894 3327 2032 3375 persub-
2060 3371 2064 3374 .

1207 3375 1399 3419 rogationem
1413 3383 1458 3408 rei
1467 3371 1603 3418 ejusdem
1616 3376 1776 3419 redditus,
1794 3375 1983 3424 spectandus
1994 3376 2034 3420 est

1894 3424 1994 3460 reddi-
