2295 3757
233 251 268 286 G

321 159 448 224 507..
541 133 836 202 Doctores
858 132 992 218 post
1013 128 1380 197 TraCtatum
1403 127 1480 192 de
1497 123 1928 214 Qindenniis
1954 170 1972 187 .

331 255 515 289 relevantes
531 250 772 287 Communitas
784 247 905 282 lubeat
917 270 925 278 .
944 244 1058 278 Primo
1071 243 1202 288 nempe,

330 300 427 348 quod
451 302 568 347 aliqua
584 298 705 345 pradia
720 294 843 330 dircen*
859 303 914 338 per
926 291 1107 343 Cametam
1121 301 1204 324 con-

330 350 416 384 cella
436 348 536 383 cilent
552 342 799 381 communitati
815 352 884 382 ,ani
904 348 1020 371 manui
1035 346 1176 371 mortua·
1190 360 1200 374 ,

328 395 476 441 ideoque
491 407 557 429 non
574 394 676 426 intrat
691 388 778 424 ratio
794 414 801 426 ‚
823 385 876 420 cni
888 383 1173 430 quindenniorum
1190 407 1200 422 ,

332 442 383 478 sen
399 441 642 477 novenniotum
671 432 916 470 solutioinnixa
928 431 973 466 est
986 433 1081 474 juxta
1095 431 1201 465 dedn-

326 492 385 525 eh
397 491 528 531 dilium.
541 489 576 520 dc
590 482 787 529 Empbytcuji
800 506 807 514 .
835 478 1012 518 Secundo,
1037 477 1117 524 quia
1130 477 1202 514 de)

332 536 501 582 aliquibus
516 533 590 568 aliis
610 532 709 566 bonis
733 525 973 563 (Joulmunitas
989 523 1202 559 submveslittt

332 584 394 621 fnit
411 586 429 617 a
446 579 590 625 personis
602 575 742 622 privatis
757 601 765 615 ,
779 573 900 620 quibus
911 573 1026 617 potius
1037 571 1201 616 tanquan!

332 630 481 668 dominis
506 624 714 661 immediatis
725 648 734 662 ,
761 622 864 668 qnam
889 620 1038 653 Cametae
1057 617 1202 652 domina:

328 678 485 715 mediatae
499 671 667 709 novennia
684 668 808 706 solvere
822 667 1086 707 teneretutjnxta
1097 665 1203 699 ‹ledu-

330 728 384 761 &a
397 723 488 766 tusc-5
498 733 530 763 9.
541 722 575 755 de
588 719 682 754 chl.
698 721 729 752 &
745 716 776 750 in
790 713 894 761 specie
908 713 950 747 de
962 711 1202 753 consuetudine

328 772 422 808 istius
437 767 596 813 regionis,
612 775 647 800 ut
658 760 881 810 quindennia,
897 761 943 793 vel
959 757 1126 793 novenuia
1143 757 1201 792 sol-

328 829 449 854 vantur
461 814 607 852 domino
621 811 820 846 immediato
835 832 844 846 ‚
867 818 934 841 non
949 815 1059 840 antem
1074 805 1203 840 media-

325 865 515 906 to‚testatur
524 855 1016 907 Ludovicssellaeonl}36.n⁴.8.&
1027 852 1202 906 9-C0nfi371·

326 925 395 959 n.4.
410 916 451 950 (θ’
465 910 603 952 εοη1ἶ38.
616 919 682 940 n.2.
709 906 749 938 Ec
764 913 865 937 tertio
878 902 1023 945 rclpeclu
1038 900 1202 933 molendi-

329 962 360 996 ni
378 986 387 1001 ,
410 957 506 1005 qnod
519 952 762 990 Communims
776 948 860 984 illud
873 959 940 981 nou
955 946 1087 981 obtinet
1099 948 1120 981 a
1134 948 1201 981 Ca-

333 1018 426 1044 mera
437 1006 469 1041 in
484 1002 552 1039 solo
566 1028 575 1043 ,
590 1005 622 1036 δι’
637 998 792 1035 aedilicio,
803 1006 948 1042 quornm
961 1003 1139 1038 utrumque
1154 993 1200 1028 est

332 1055 474 1091 liberum
489 1044 761 1086 Communitatis
775 1069 784 1082 ,
800 1043 853 1078 sed
867 1040 971 1076 solnm
987 1039 1080 1075 usum
1093 1051 1200 1084 aquae,

330 1110 474 1148 proquo
491 1097 550 1133 usu
561 1095 694 1132 tantum
710 1092 754 1127 ad
771 1091 836 1125 hoc
849 1098 936 1124 onus
949 1099 1112 1122 teneretur
1128 1100 1137 1125 ;
1160 1089 1202 1121 Et

329 1145 485 1197 quamvis
510 1142 647 1189 singulis
663 1151 702 1175 cx
716 1149 810 1185 parte
834 1138 984 1170 Camerae
1005 1133 1204 1180 respondea-

332 1206 388 1232 tur
399 1220 408 1235 ‚
433 1202 584 1229 attamen
601 1185 772 1235 quidquid
784 1184 822 1219 lit
836 1184 877 1218 de
893 1181 1142 1227 responfionum
1157 1192 1205 1214 re-

332 1241 484 1278 levantia
495 1264 504 1279 ,
517 1236 630 1283 negari
643 1245 711 1269 non
722 1230 845 1276 potess3
857 1230 951 1276 quod
965 1240 1004 1262 ex
1015 1228 1065 1261 his
1079 1237 1205 1280 inagna

334 1288 491 1325 dubietas
504 1284 634 1321 resultet
656 1280 700 1316 ad
715 1278 866 1314 effeaum
882 1301 892 1314 ‚
919 1275 960 1310 de
974 1286 1043 1320 quo
1064 1285 1175 1319 agitur
1191 1298 1201 1312 ‚

332 1336 481 1381 ideoque
505 1331 598 1367 alind
613 1329 659 1364 est
682 1325 888 1361 considerare
915 1322 975 1356 has
987 1321 1203 1367 exceptiones

335 1379 562 1431 principaliter
576 1403 584 1416 ,
598 1380 628 1410 ἃ
642 1375 683 1410 de
695 1385 751 1419 pet
764 1370 792 1406 se
806 1396 815 1410 ‚
830 1370 874 1405 ad
886 1367 1036 1403 effceuun
1051 1367 1204 1418 judican-

335 1430 369 1465 di
383 1454 392 1469 ,
407 1440 448 1463 an
463 1424 635 1461 sublistant
647 1431 708 1455 nec
719 1418 780 1456 ne,
794 1416 959 1499 guatensis
969 1417 1106 1466 res-estet
1118 1416 1201 1467 inte-

331 1487 404 1523 gta;
418 1477 459 1509 Et
472 1470 560 1507 aliud
574 1469 618 1504 est
633 1477 689 1502 eas
702 1463 791 1500 confi
821 1473 910 1497 erare
925 1463 968 1497 ad
986 1463 1139 1497 este-etum
1154 1473 1202 1495 in-

332 1519 478 1559 ducendi
491 1515 698 1564 probabilem
714 1510 925 1547 dubietatem
937 1521 999 1554 pro
1023 1509 1204 1553 regulatio-

333 1581 372 1605 ne
394 1569 489 1604 bonae
515 1564 591 1598 fidei
609 1575 618 1602 ς
646 1565 696 1595 Ac
722 1557 898 1606 propterea
920 1567 960 1592 ex
980 1556 1033 1591 his
1046 1555 1204 1590 omnibns

332 1617 426 1652 firmil
453 1612 574 1657 iuuetis
590 1637 598 1650 ‚
623 1613 655 1644 ὃς
680 1603 899 1642 confidetatis
922 1614 1000 1637 cum
1015 1605 1129 1649 regula
1143 1627 1152 1641 ‚
1168 1612 1205 1636 nt

332 1664 458 1706 lingula
472 1685 481 1699 ,
510 1671 583 1704 quae
598 1667 666 1692 non
682 1653 809 1700 prolint
826 1676 836 1691 ,
853 1651 946 1685 simul
958 1650 1051 1684 unita
1066 1652 1181 1693 juvent
1195 1675 1204 1689 ‚

329 1700 421 1746 bona
432 1707 515 1743 fides
525 1702 810 1742 exuberat,d011ec
820 1709 876 1743 per
888 1697 1066 1732 cameram
1083 1698 1124 1732 de
1136 1707 1208 1731 ma-

328 1760 360 1793 la
372 1757 535 1792 doceatur
549 1777 559 1788 .
829 1792 837 1800 ⁸
923 1792 929 1796 ἱ
977 1791 984 1799 ·

375 1805 494 1848 Neque
509 1800 595 1837 mala
612 1797 696 1833 fides
712 1793 837 1830 desumi
854 1794 942 1838 pone
955 1791 1095 1831 videtur,
1109 1803 1148 1827 ex
1163 1803 1204 1827 eo

329 1851 427 1896 quod
440 1847 679 1884 Communitas
692 1844 832 1878 durante
844 1840 937 1875 dieta
952 1840 1007 1874 lite
1020 1865 1030 1879 ,
1043 1842 1202 1875 nnllam-2

328 1898 406 1934 fecit
420 1895 654 1942 probationem
667 1917 676 1931 ‚
691 1889 855 1936 qnoniam
873 1886 1059 1932 responderi
1082 1887 1208 1933 potest,

282 1956 305 1989 6
330 1945 433 1991 ipsam
448 1939 618 1979 credidisse
633 1936 870 1985 probationem
891 1934 1041 1968 obtinere
1055 1933 1206 1969 abenefi-

328 1993 384 2029 cio
409 1989 618 2037 pofitionum
633 2012 641 2025 ,
667 1983 828 2032 quodque
856 1981 997 2016 Ministri
1013 1982 1203 2017 Camerales

330 2037 508 2086 agnoscere
528 2032 711 2071 debuissent
733 2029 908 2064 veritatem
925 2027 1143 2065 verisimiliter
1155 2029 1203 2065 eis

330 2086 447 2134 potius
459 2093 574 2120 notam
589 2080 749 2116 obilibros
762 2101 772 2116 ‚
786 2087 873 2122 quos
884 2074 989 2122 pene‘s
1005 2073 1032 2109 se
1048 2076 1198 2117 retinent,

331 2135 366 2170 in
380 2133 503 2179 quibus
515 2129 695 2166 solutiones
706 2125 915 2160 adnotantur
929 2148 938 2162 ,
951 2131 1052 2168 atque
1065 2125 1137 2168 post
1151 2136 1206 2159 ne.

332 2181 509 2227 gationem
520 2176 648 2213 effluxit
661 2173 803 2220 spatium
818 2169 1011 2217 aliquorum
1023 2171 1181 2206 mensium
1193 2197 1204 2211 ,

333 2228 428 2276 quod
443 2238 510 2262 non
522 2224 608 2259 tollit
623 2219 870 2266 poffibilitatem
884 2216 1098 2262 probationis
1110 2244 1118 2258 ,
1132 2230 1204 2264 quae

336 2277 437 2310 durat
450 2273 552 2308 etiam
567 2270 598 2305 in
614 2266 754 2303 secunda
769 2294 777 2308 ,
794 2270 824 2302 δε
840 2263 940 2300 tertia
952 2264 1108 2300 instantia
1121 2291 1129 2305 ‚
1143 2277 1205 2311 po-

335 2322 460 2357 tiffime‘
473 2318 555 2366 quia
576 2317 738 2352 rrac‘tatur
748 2314 789 2349 de
804 2312 1059 2347 Communitate
1072 2313 1204 2347 vivente

335 2368 393 2403 sub
406 2366 578 2403 neceffaria
591 2363 690 2409 legali
713 2359 1006 2396 administratione
1021 2384 1030 2397 ‚
1052 2359 1197 2404 ideoque

336 2414 451 2457 injure
464 2413 670 2461 aeqniparata
682 2409 807 2455 pupillo
822 2432 830 2447 ,
848 2409 897 2442 vel
911 2406 1036 2442 minori
1054 2432 1063 2445 ,
1081 2406 1135 2442 cui
1146 2416 1199 2440 tu-

332 2461 418 2497 toris
432 2486 441 2500 ,
468 2463 518 2496 vel
532 2458 670 2495 alterius
691 2454 969 2491 administratoris
994 2453 1197 2499 negligentia

332 2519 403 2542 non
418 2507 612 2552 praejudicat
625 2530 635 2545 ‚
659 2503 750 2539 unde
761 2502 923 2538 stantibus
935 2501 1034 2536 dietis
1046 2499 1196 2546 praesnm-

332 2554 507 2601 ptionibus
517 2579 527 2594 ‚
541 2565 614 2601 quae
628 2548 828 2587 transferunt
839 2559 925 2583 onus
935 2547 1147 2593 probationis
1162 2547 1196 2582 in

333 2601 519 2635 eameram
537 2627 544 2640 ,
555 2601 655 2635 debet
673 2599 736 2633 ista.
746 2597 867 2631 docere
880 2621 887 2633 ‚
914 2595 1010 2640 quod
1021 2595 1200 2629 articulata

334 2647 614 2682 immemorabilis
630 2647 706 2680 esset
726 2642 938 2690 impoffibilis
962 2640 1173 2687 probationis
1190 2667 1201 2676 .

335 2696 554 2739 Omnemque
577 2692 814 2728 difficultatem
845 2689 961 2724 cess'are
982 2687 1136 2723 dicebam
1159 2700 1199 2724 ex

333 2740 471 2789 praefata
482 2739 672 2785 lougiffima
686 2765 696 2779 ,
716 2743 748 2775 &
762 2739 924 2774 diuturna
937 2735 1079 2782 pacifica
1092 2734 1204 2771 obser-

334 2788 450 2824 vantia
462 2798 627 2823 annorum
649 2786 846 2831 oeluaginta
860 2809 869 2824 ‚
894 2795 952 2830 per
970 2794 1074 2838 quatri
1087 2782 1203 2827 praesu-

287 2845 309 2878 7
335 2836 439 2872 mitur
452 2860 460 2875 ,
474 2833 571 2881 quod
585 2833 768 2868 concordia
778 2832 910 2867 munita
920 2830 1133 2866 fueritetiam
1145 2830 1202 2865 be-

334 2882 508 2928 neplacito
522 2879 732 2927 Apostolico,
745 2883 778 2913 &
791 2880 873 2922 justa
884 2877 981 2914 causa
995 2887 1076 2913 tunc
1085 2877 1201 2922 cogni-

334 2940 372 2966 ta
386 2956 395 2970 ‚
409 2934 443 2966 δι
453 2929 658 2965 examinata,
673 2926 756 2960 dnm
769 2925 830 2958 ista
842 2925 1054 2970 praesumptio
1066 2923 1201 2960 resultat

330 2989 374 3012 ex
387 2975 458 3011 solo
472 2974 581 3021 spatio
592 2972 732 3019 triginta
745 2982 912 3006 annorum
924 2995 933 3011 ‚
949 2973 1058 3006 multo
1067 2971 1178 3015 magis
1192 2996 1201 3010 ,

329 3024 388 3059 ubi
403 3022 487 3059 illud
498 3021 630 3057 accedit
643 3018 866 3065 duplicatum,
881 3021 913 3051 &
928 3019 1013 3052 ultra
1029 3042 1038 3057 ,
1053 3030 1091 3053 ex
1105 3017 1201 3063 plene

331 3070 446 3105 relatis
457 3069 568 3112 disc-1.
582 3071 625 3103 (φ
635 3063 762 3110 seq-suh
775 3067 824 3099 tit.
840 3066 875 3098 de
887 3065 1066 3099 alienation.
1078 3068 1120 3101 (7·
1135 3076 1205 3099 con-

331 3114 549 3163 trablprohib.
563 3124 597 3150 et
611 3113 656 3148 est
667 3111 791 3159 pariter
801 3111 1003 3156 principium
1018 3110 1122 3145 hodie
1135 3112 1205 3157 pla-

326 3174 412 3196 num
427 3185 436 3201 ,
452 3167 482 3197 δε
495 3171 665 3206 receptum
679 3157 801 3204 absque
815 3169 857 3192 eo
870 3182 880 3196 ,
895 3157 991 3203 quod
1005 3157 1135 3192 obstare
1149 3168 1205 3192 va-

331 3209 398 3242 leat
409 3207 617 3243 Constitutio
631 3206 763 3241 Urbani
776 3207 872 3240 vlu.
885 3217 956 3251 quae
968 3204 1034 3239 hoc
1049 3204 1206 3249 benepla-

330 3254 437 3288 citum
451 3253 688 3299 praesurnptum
704 3250 851 3287 substulit
862 3276 872 3291 ,
884 3251 1050 3298 quoniam
1064 3251 1118 3286 illa
1127 3261 1206 3297 pro-

329 3299 396 3335 diit
410 3299 452 3334 de
460 3310 551 3334 anuo
564 3306 665 3342 1641.
677 3303 709 3332 &
724 3299 767 3333 lic
781 3298 854 3343 post
869 3309 976 3334 annos
990 3309 1044 3343 54.
1059 3297 1200 3345 quando

326 3348 397 3391 jam
411 3346 503 3380 dieta
517 3343 730 3389 praesumptio
749 3346 920 3389 completa
939 3355 1010 3380 erat
1023 3366 1033 3376 .

373 3390 632 3440 §enfiderando
645 3389 751 3426 etiam
763 3390 935 3435 potiffime
946 3414 957 3431 ,
979 3390 1076 3437 qnod
1089 3389 1140 3429 ita
1151 3401 1199 3426 re·

1264 240 1396 276 sultaret
1407 252 1445 274 cx
1458 250 1550 286 parte
1565 240 1716 274 Camerae
1728 248 1862 284 apertus
1874 238 1974 274 dolus
1986 262 1994 278 ‚
2005 244 2137 280 aperta-

1260 300 1325 335 que
1342 287 1503 333 iniquitas
1529 299 1606 321 cum
1623 286 1890 330 supplantatione
1913 285 2009 320 istius
2028 286 2136 318 Com-

1262 334 1440 370 munitatis
1449 359 1457 373 ,
1470 335 1552 369 dnm
1568 333 1629 368 ista
1640 333 1877 370 obdormitata
1889 330 1952 367 fuit
1963 334 1983 366 a
1994 341 2136 367 concor-

1260 382 1318 416 dia
1333 406 1342 421 ,
1367 393 1406 416 ac
1420 382 1598 425 propterea
1625 380 1770 425 neglexit
1797 380 1901 416 facere
1913 378 2135 424 probationes

1258 431 1328 472 jam
1362 429 1542 464 articulata·
1573 427 1797 472 exemptionis
1830 423 2108 462 immemorabilis
2121 447 2133 462 ,

1263 477 1359 516 cuins
1381 485 1526 519 magnus
1553 475 1670 509 aderat
1694 473 1806 509 fumus
1829 486 1869 509 ex
1889 474 1981 510 dieta
1991 473 2135 508 circum·

1262 522 1383 558 stantia
1398 548 1408 557 .
1433 522 1539 567 Qod
1556 521 1631 556 cum
1646 523 1839 557 Cameralcs
1856 521 2011 556 haberent
2026 517 2131 565 penes

1262 570 1293 604 se
1305 569 1406 605 libros
1420 595 1429 610 ‚
1442 579 1592 604 attamen
1604 568 1644 602 dc
1655 572 1743 604 nulla
1758 569 1928 604 docebant
1942 565 2108 603 solutione
2122 588 2133 604 2

1262 616 1345 651 dnm
1359 616 1424 650 haec
1436 615 1593 661 probatio
1605 615 1708 650 hodie
1720 616 1851 652 reddita
1863 616 1907 650 est
1921 612 2133 660 impossibilis

1262 664 1309 698 ob
1322 673 1467 698 mortem
1481 663 1643 700 ‘l'cllinm,
1657 663 1715 708 qui
1731 674 1810 699 tunc
1823 663 1934 698 habeti
1951 669 2131 708 poterant;

1262 715 1312 744 Ac
1327 714 1500 754 propterca
1512 708 1654 742 nimium
1668 709 1842 748 absonum,
1854 715 1885 745 ἃ
1899 707 2130 744 scandalosum

1262 756 1338 791 ess'ct
1349 755 1471 794 audiri,
1486 756 1582 800 qnod
1602 758 1756 801 Princeps
1767 782 1776 796 ‚
1790 758 1847 803 qui
1861 758 1907 793 est
1922 761 2032 794 Pater,
2050 759 2130 789 Pro-

1263 805 1370 838 tcstot
1382 827 1392 842 ,
1419 808 1449 837 δε
1464 802 1610 837 Curator
1625 804 1924 839 communitatum
1936 829 1944 843 ‚
1973 803 2022 838 ita
2036 803 2128 837 illam

1262 852 1383 886 dolose*
1397 850 1653 885 circumvenerit
1663 875 1673 887 ,
1687 854 1717 884 δε
1731 849 1995 895 supplantaverit
2011 875 2019 890 ‚
2038 850 2132 885 ideo-

1260 909 1325 943 que
1339 909 1377 932 ex
1392 897 1442 933 his
1457 908 1518 942 Pto
1531 908 1598 932 non
1618 898 1918 940 comptaehenlione
1941 898 2032 933 istius
2047 909 2130 932 con-

1259 945 1380 979 cordiae
1406 943 1463 979 sub
1476 944 1569 978 dieta
1589 945 1802 980 revocatoria
1817 970 1826 984 ‚
1853 945 2060 990 probabilius
2085 955 2133 979 re-

1261 991 1492 1037 spondendnm
1506 991 1634 1026 vIdetur
1646 992 1749 1026 etiam
1763 1003 1825 1036 pro
1839 1002 1989 1038 tempore
2005 991 2130 1027 futuro.

1309 1038 1398 1073 l-linc
1407 1050 1494 1085 opus
1505 1049 1573 1073 non
1582 1038 1643 1074 else
1653 1038 1869 1074 advertebam
1880 1039 2036 1076 allumere
2047 1040 2131 1074 alias

1262 1084 1349 1121 duas
1363 1085 1580 1131 inspefftiones
1593 1110 1602 1124 ‚
1617 1085 1693 1120 cum
1708 1087 1839 1122 illarum
1850 1086 1974 1122 decisio
1985 1112 1994 1126 ,
2022 1086 2131 1132 posita.

1264 1134 1436 1168 validitate
1447 1133 1637 1167 concordiae
1652 1157 1661 1172 ,
1686 1132 1819 1169 resultet
1832 1134 1873 1169 de
1893 1132 2132 1180 consequenti.

1264 1180 1389 1215 Verum
1403 1179 1460 1215 ubi
1485 1180 1572 1214 circa
1586 1181 1728 1225 primam
1754 1179 1993 1227 iuspeelionem
2017 1180 2132 1226 aliqua

1261 1225 1431 1272 superell'et
1443 1225 1633 1261 difficultas
1647 1253 1655 1267 ‚
1671 1227 1760 1263 adeo
1774 1238 1810 1263 ut
1824 1228 1868 1263 ab
1879 1240 1971 1264 anno
1990 1227 2130 1269 1665.in

1288 1285 1333 1308 uo
1343 1274 1434 1309 dicia
1449 1274 1657 1310 revocatori-„2
1671 1275 1798 1320 prodiit
1811 1301 1820 1315 ‚
1835 1277 1868 1311 in
1884 1275 2034 1311 futurum
2050 1286 2133 1309 con-

1282 1322 1381 1356 ordia
1395 1321 1643 1356 Con-«munitam
1665 1334 1733 1356 non
1746 1322 1912 1367 prodefl'et
1926 1347 1935 1362 ‚
1958 1323 2070 1357 adhuc
2083 1331 2134 1358 ta-

1261 1379 1337 1402 men
1350 1367 1513 1410 judicium
1527 1367 1784 1404 subhastationls
1797 1371 1909 1404 aequm
1923 1380 1985 1413 pro
2002 1381 2132 1404 noven-

1259 1415 1324 1449 niis
1336 1416 1479 1450 decuriis
1493 1415 1526 1449 in
1542 1415 1636 1450 dicio
1648 1413 1756 1462 spatio
1767 1427 1933 1450 annorum
1948 1415 2126 1459 oetuagin-

1262 1471 1299 1496 ta
1310 1487 1316 1501 ,
1329 1461 1508 1496 manifestae
1520 1462 1696 1503 injustitiae,
1710 1467 1742 1498 r&
1757 1462 1918 1498 nullitatis
1931 1463 2015 1498 vitio
2031 1464 2126 1498 labo-

1264 1519 1336 1544 rare
1352 1508 1481 1542 videtur
1494 1520 1532 1542 ex
1550 1509 1699 1553 pluribus
1711 1535 1720 1544 .

1313 1556 1429 1590 Primo
1444 1579 1453 1594 ,
1487 1555 1651 1600 quoniam
1677 1568 1744 1590 non
1769 1566 1905 1603 poterat
1929 1555 2132 1601 exequutive

1265 1602 1403 1649 procedi
1425 1603 1459 1637 in
1485 1601 1552 1637 vim
1565 1603 1754 1638 concordiae
1769 1604 1931 1648 generalis
1942 1607 2018 1639 anni
2034 1616 2136 1649 1544.

1267 1649 1440 1696 minusque
1455 1649 1524 1684 haec
1539 1649 1696 1694 primaeva
1709 1652 1800 1685 afflo
1812 1650 2026 1689 exerceri-nili
2043 1651 2135 1696 prins

1265 1697 1441 1740 injudicio
1466 1696 1642 1732 ordinario
1654 1697 1805 1742 petitorii
1831 1700 2000 1733 tolleretur
2013 1697 2054 1732 de
2067 1709 2137 1732 me-

1266 1745 1326 1780 dio
1339 1745 1400 1779 ista
1412 1743 1597 1779 concordia
1618 1744 1829 1788 particularis
1853 1757 1909 1789 per
1924 1755 1988 1779 tres
2001 1742 2138 1779 confor-

1263 1794 1437 1835 mesjuxta
1457 1791 1619 1826 celebrem
1632 1791 1742 1834 decifis
1752 1804 1804 1835 50.
1818 1793 1969 1827 Cavaler.
1983 1791 2134 1833 decifi86.

1261 1851 1328 1882 n.9.
1341 1842 1444 1883 pare.
1459 1850 1521 1872 rec.
1544 1837 1612 1873 late*
1636 1840 1668 1872 in
1682 1841 1861 1874 Faventina
1873 1840 2136 1883 Prinlogeniturae

1267 1899 1285 1921 2
1295 1885 1433 1932 1.J1mii
1449 1890 1548 1920 1666.
1559 1896 1665 1920 coram
1677 1887 1857 1931 aevilaqua
1870 1910 1879 1924 ‚
1903 1891 1935 1920 δι
1947 1884 2136 1931 frequenter

1264 1933 1453 1968 advertitur
1466 1930 1522 1966 sub
1535 1931 1672 1967 diversis
1685 1933 1836 1967 materiis
1849 1958 1858 1971 ,
1881 1930 2057 1977 prael'ertim
2073 1931 2137 1974 sub

1263 1981 1321 2016 hoc
1337 1982 1438 2015 eodem
1451 1980 1500 2014 tic.
1513 1980 1645 2022 dlsc.42.
1657 1979 1765 2015 exilia
1780 1979 1854 2014 viva
1868 1979 1997 2014 ratione
2012 2005 2021 2019 ,
2039 1977 2138 2024 quod

1262 2027 1446 2063 concordia
1471 2026 1572 2062 hibet
1595 2026 1664 2061 vim
1691 2026 1734 2061 rei
1750 2026 1906 2069 judicata:
1922 2039 1933 2066 3
1959 2023 2136 2060 Potiffime?

1262 2075 1344 2121 quia
1369 2074 1472 2109 etiam
1497 2086 1535 2109 ex
1558 2084 1638 2109 tunc
1651 2073 1793 2109 Camera
1807 2072 1951 2118 agnovit
1962 2072 2020 2107 fibi
2034 2082 2136 2106 nom,

1258 2131 1453 2166 competere
1475 2121 1638 2163 judicium
1655 2145 1664 2158 ‚
1704 2119 1757 2156 seu
1782 2119 1967 2166 processum
1991 2130 2136 2163 exequu-

1265 2171 1373 2205 tivum
1387 2192 1396 2206 ‚
1410 2171 1440 2201 &
1456 2165 1671 2203 summarium
1686 2192 1696 2206 ,
1708 2167 1790 2201 dum
1806 2165 1979 2201 substinuit
1993 2167 2135 2210 longam

1265 2217 1356 2252 litem
1369 2226 1425 2261 per
1438 2225 1543 2249 annos
1554 2214 1746 2259 qaindecim
1762 2213 1891 2248 circiter
1902 2238 1911 2247 .

1311 2260 1465 2298 Secundo
1478 2288 1487 2302 ‚
1511 2263 1592 2307 qnia
1615 2273 1681 2295 non
1693 2260 1800 2304 potest
1825 2259 1884 2295 effe
1896 2261 1971 2306 plus
1984 2259 2134 2297 nullum,

1261 2313 1367 2358 qnam
1389 2307 1470 2343 nihil
1483 2333 1493 2347 ‚
1516 2309 1659 2354 ideoque
1671 2306 1794 2343 cassata
1806 2307 1911 2342 etiam
1922 2304 2108 2342 concordia
2121 2329 2131 2345 ,

1258 2356 1396 2406 perinde
1407 2379 1416 2394 ,
1432 2356 1498 2391 acfi
1512 2355 1595 2390 inira
1607 2367 1674 2389 non
1690 2353 1778 2393 esset,
1791 2353 1883 2389 aliud
1896 2353 2044 2389 Camera
2057 2363 2131 2398 pre-

1258 2403 1392 2441 tendere
1407 2414 1475 2437 non
1490 2412 1635 2447 poterat,
1650 2403 1709 2437 nili
1724 2404 1917 2437 tacultatem
1929 2399 2128 2435 reassumen-

1257 2452 1296 2487 di
1310 2450 1485 2495 antiquam
1500 2451 1591 2484 litem
1605 2450 1637 2484 In
1649 2449 1735 2484 statu
1747 2473 1757 2488 ‚
1775 2452 1805 2483 δι
1821 2447 1972 2484 terminis
1984 2472 1995 2487 ‚
2009 2447 2043 2482 in
2054 2446 2131 2491 qui-

1256 2501 1318 2534 bus
1332 2508 1422 2539 erat,
1446 2497 1604 2542 illamque
1620 2495 1772 2541 prosequi
1792 2506 1870 2531 curn
1881 2495 1939 2530 illo
1954 2492 2103 2539 processu
2118 2516 2129 2532 ,

1258 2552 1358 2592 &per
1378 2543 1678 2589 consequensistud
1699 2555 1831 2579 novum
1844 2541 2009 2586 judicium
2024 2550 2132 2576 rema-

1259 2604 1316 2629 net
1328 2594 1416 2628 clare
1430 2594 1556 2626 nullum
1566 2615 1576 2630 ,
1588 2594 1620 2626 δε
1635 2600 1840 2626 attentatum
1855 2615 1865 2624 .

1305 2639 1432 2683 Tetti63
1444 2638 1606 2684 quoniam
1622 2662 1632 2678 ‚
1646 2639 1722 2673 cum
1739 2635 1904 2673 novennia
1918 2633 2051 2672 decursa
2063 2645 2136 2682 per·

1262 2688 1390 2723 tineant
1407 2686 1450 2721 ad
1465 2687 1609 2730 Legatos
1622 2697 1683 2730 pro
1709 2695 1862 2730 tempore
1876 2708 1886 2722 ,
1910 2683 2000 2718 adeo
2017 2693 2053 2717 ut
2068 2691 2134 2716 non

1264 2744 1424 2779 tangatur
1436 2732 1616 2768 substantia
1627 2732 1750 2774 jurium
1767 2733 1915 2766 Camerae
1929 2754 1938 2770 ,
1951 2730 2029 2765 hinc
2042 2725 2128 2764 τεᾶἐ

1262 2783 1332 2818 dici
1347 2780 1453 2827 potest
1466 2804 1475 2819 ,
1503 2779 1599 2825 quod
1613 2778 1671 2814 illa
1694 2777 1879 2825 praescripta
1902 2776 2023 2812 fuerint
2037 2773 2130 2808 dieto

1262 2829 1369 2875 spatio
1384 2827 1584 2872 ofiuaginta
1595 2837 1759 2861 annorum
1772 2838 1784 2865 ς
1809 2824 1876 2859 five
1890 2826 1984 2870 quod
1996 2822 2086 2857 bona
2096 2818 2136 2854 fi-

1268 2877 1330 2911 des
1341 2901 1350 2916 ,
1366 2876 1398 2909 in
1410 2874 1532 2920 quibus
1547 2873 1789 2908 Communitas
1800 2870 1926 2911 versata
1940 2867 2002 2921 fuit
2014 2891 2024 2906 ‚
2036 2868 2129 2901 illam

1262 2922 1393 2958 excuset
1417 2933 1437 2956 a
1464 2920 1672 2956 restitutione
1690 2918 1858 2955 fruetuum
1880 2919 2010 2951 interlm
2026 2923 2136 2957 perce-

1263 2981 1399 3016 ptorum
1416 2980 1455 3003 ex
1469 2967 1515 3002 eis
1530 2967 1629 3002 bonis
1642 2993 1651 3007 ‚
1676 2979 1716 3001 ex
1730 2966 1853 3012 quibus
1867 2964 1934 2997 haec
1954 2971 2055 2995 onera
2071 2959 2136 2995 sol-

1268 3016 1358 3052 villet
1370 3015 1503 3060 lingulis
1514 3013 1731 3060 tomporibus
1744 3037 1754 3052 ‚
1766 3011 1824 3047 nili
1838 3010 1906 3043 haec
1921 3008 2005 3050 justa
2016 3008 2134 3042 credu-

1266 3065 1345 3099 litas
1369 3061 1522 3098 adfuisset
1533 3063 1629 3104 juxta
1651 3056 1911 3106 ponderationes
1925 3078 1935 3094 ,
1959 3054 2000 3088 de
2012 3054 2136 3098 quibus

1264 3111 1300 3146 in
1313 3110 1445 3152 disc.48.
1459 3111 1496 3143 de
1511 3108 1621 3153 Regal.
1635 3106 1692 3151 qni
1707 3103 1770 3139 fuit
1780 3101 1902 3148 pluries
1916 3102 2136 3136 canonizatus

1265 3169 1323 3202 pet
1336 3155 1645 3201 Congregationem
1665 3149 1837 3188 concilii,
1858 3152 1891 3184 ὃ(
1914 3160 1971 3194 per
1984 3147 2136 3184 aliaTti-

1263 3204 1402 3239 bunalia
1415 3228 1423 3238 .

1312 3252 1354 3285 Et
1368 3248 1511 3296 quarto,
1523 3244 1684 3291 quoniam
1700 3242 1732 3278 in
1743 3243 1944 3278 alienatione
1961 3243 2132 3278 bonorum

1258 3296 1426 3332 stabilium
1444 3290 1712 3328 Communitatis
1731 3290 1942 3335 requiruntur
1956 3292 2067 3325 multae
2082 3287 2131 3323 so-

1259 3345 1448 3379 lemnitates
1459 3350 1499 3372 ex
1511 3337 1665 3371 deduetis
1679 3339 1811 3382 dilc.23.
1830 3336 1891 3380 sub
1901 3339 1952 3373 tit.
1966 3340 2002 3373 de
2014 3337 2133 3372 aliena-

1257 3392 1336 3425 tion.
1350 3392 1391 3424 (ξφ
1404 3386 1553 3421 contrabi·
1567 3382 1768 3430 prohibition.
1788 3385 1934 3431 ideoque
1950 3383 2111 3429 injustum
2121 3407 2132 3422 ,

2042 3439 2083 3464 ac

2159 2374 2203 2400 10

2158 2750 2198 2776 11

2159 3303 2201 3328 12
