2295 3757
520 139 617 203 De
635 141 1089 224 QindenniiS,
1132 143 1290 235 Cap.
1307 149 1665 220 CXXVII.

179 260 250 286 non
263 250 395 287 inducit
405 251 629 298 privationem
644 253 707 287 loc=
722 252 754 286 in
770 252 945 297 Capitulo,
957 254 1058 290 benc*-

207 310 249 335 ue
262 298 342 334 stare
357 299 465 344 potest
481 323 489 338 ,
506 309 542 333 nt
552 299 629 344 quis
640 310 707 333 non
724 298 848 334 habeat
861 311 979 335 vocem
990 301 1057 337 in,

177 311 337 394 gapiculo
350 372 358 385 ,
381 350 412 380 &
427 356 540 380 tamen
553 345 674 381 habeat
690 348 801 379 locum
820 347 851 381 in
868 347 1031 392 capitulo
1046 375 1055 388 ,

179 393 288 438 licque
305 394 342 427 tit
355 393 396 428 de
409 391 570 437 Capitulo
586 391 716 427 racione
736 392 802 426 loci
818 417 826 432 ,
837 404 939 438 quem
954 394 1055 430 habet

107 450 152 475 12
180 441 212 475 in
225 440 390 485 Capitnlo
405 464 413 478 ,
435 439 584 484 primus
606 448 718 473 autem
740 440 817 473 loco
842 439 874 474 in
891 441 1052 484 Cipitulo

176 486 367 523 definiceu'e
379 486 420 521 dc
436 485 618 530 capitulo,
647 485 755 531 licque
778 487 976 532 participare
995 499 1054 522 ne-

174 534 250 580 quit
263 534 303 568 de
315 531 550 568 emolumentis
561 531 816 575 Capirularibus
826 558 833 571 ,
850 535 964 579 qualia
980 533 1052 569 sunt

176 580 386 628 quindennia
400 605 409 618 ,
435 581 530 622 juxta
551 577 800 614 distinctionem
830 583 968 615 :illatam
995 592 1051 626 per

175 630 269 664 card.
285 626 442 662 labare-ll.
454 628 486 660 in
499 625 679 660 Clement.1.
691 638 719 661 n.
729 639 738 663 1
750 632 781 662 ὃ.
795 629 831 663 (le
845 628 995 672 Regular.
1007 633 1052 665 <5⁸

173 683 230 723 per
243 674 435 711 Ancharan.
449 669 526 707 ibid.
539 683 587 714 n.5
596 696 605 706 .

247 790 466 839 ARGD
490 791 783 841 MENTI)
805 798 886 841 ⁴xli.

79 908 276 947 eanonicus
290 906 539 943 condemnatae
554 909 594 943 dc
610 909 748 945 crimine
766 910 913 956 capitali,
929 922 968 945 ex
985 922 1056 958 quo

153 957 204 993 uis
219 967 286 991 non
302 955 451 1003 privatur
467 956 539 1000 iplo
557 956 628 1002 Jurc
643 956 820 996 Beneficio,
835 958 878 992 ad
892 958 1053 997 triremes,

141 1015 181 1040 eu
190 1004 236 1040 ad
253 1012 432 1048 perpetuos
447 1013 595 1038 carceres
609 1030 617 1043 ,
635 1003 792 1039 sententia
809 1004 1054 1040 condemnato-

125 1050 179 1089 τῖε
193 1049 348 1086 nondum
363 1049 571 1087 demandata
585 1052 774 1085 executioni
789 1075 798 1090 ,
813 1051 1048 1098 participare.)

125 1097 232 1134 debet
243 1101 310 1133 una
322 1108 399 1131 cum
415 1097 550 1142 reliquis
572 1097 757 1132 Canonicis
769 1109 830 1143 pro
841 1098 958 1143 aequali
973 1109 1048 1135 rata

124 1144 168 1181 de
181 1144 411 1192 quindennio,
433 1143 565 1178 interim
587 1144 702 1179 medio
714 1154 863 1190 tempore
877 1146 957 1180 ante*
973 1157 1049 1198 exe-

124 1201 272 1239 quntam
287 1189 485 1226 sententIam
498 1201 671 1226 maturato
685 1217 692 1230 ,
709 1192 896 1237 debitoque
910 1193 1048 1236 Capitu-

124 1240 163 1275 10
172 1251 212 1276 ex
225 1237 445 1285 Emphyteufi
461 1238 575 1274 manui
589 1249 731 1273 mortuae
742 1249 800 1288 per
818 1239 1051 1285 Capitulum„

124 1285 278 1324 conceffa
292 1310 302 1321 .

315 1380 831 1417 SUMMARIUM.

126 1487 145 1511 ι
171 1481 209 1512 tn
222 1474 314 1511 Urbe
326 1477 374 1510 rei
389 1486 447 1509 non
459 1474 558 1516 solent
569 1482 717 1521 perpetuo
733 1487 856 1511 earcere
867 1476 977 1521 puniri
990 1501 1000 1511 .

122 1535 143 1558 2
168 1521 324 1558 Urbanus
336 1524 428 1558 VIII.
443 1524 551 1556 extrui
571 1520 655 1567 iuffit
669 1523 870 1567 Ergafiulum
881 1533 938 1568 pro
952 1524 1049 1558 Cleri-

214 1572 261 1606 cis
275 1571 315 1605 ad
328 1571 470 1605 triremes
481 1593 490 1607 ,
505 1577 562 1604 aut
573 1577 740 1615 perpetuos
755 1582 894 1605 carceres
908 1572 1047 1605 condem·

214 1626 301 1652 natis·
310 1642 319 1651 ι

119 1675 141 1708 3
165 1670 260 1701 Poena
273 1665 454 1698 triremium
466 1687 474 1702 ‚
489 1671 546 1698 aut
555 1665 699 1709 perpetui
712 1665 848 1699 carceris
862 1689 870 1703 ,
885 1664 992 1711 potius
1004 1663 1044 1704 esi

213 1709 366 1752 iniunuio
378 1711 562 1757 penitentia>
574 1733 584 1747 ,
599 1708 695 1756 qudm
706 1719 797 1756 paena
808 1711 961 1756 impositio
978 1737 987 1746 .

114 1769 141 1803 4
163 1759 346 1806 Quindenni
350 1770 368 1791 a
381 1765 602 1792 enumerantur
614 1758 696 1791 inter
702 1757 827 1799 frulius
840 1758 1016 1794 mabendae
1032 1784 1042 1795 .

118 1815 137 1848 5
165 1807 393 1841 condemnatus
403 1805 444 1838 ad
455 1805 598 1838 triremes
609 1815 668 1838 non
674 1802 714 1845 fit
721 1804 844 1846 servus
857 1814 948 1851 poenae
957 1831 967 1840 .

114 1855 141 1889 6
164 1851 308 1902 Religiol‘
304 1863 342 1886 us
352 1853 572 1886 condemnatus
582 1852 623 1885 ad
633 1852 774 1886 triremes
789 1876 798 1889 ‚
812 1852 912 1899 postea*
924 1865 1043 1899 aggra-

212 1901 316 1934 tiatus
329 1923 338 1937 ‚
363 1902 406 1934 &-
419 1899 542 1932 rediens
554 1899 594 1932 ad
608 1898 801 1942 Religionem
813 1923 823 1938 ,
844 1911 904 1934 non
920 1903 1043 1936 amittit

213 1947 434 1980 antianitatem
447 1969 457 1977 .

114 2003 138 2035 7
164 1996 202 2026 In
217 1991 322 2035 causis
332 1990 489 2027 civilibus
502 2002 561 2025 non
576 1989 615 2033 esi
625 1991 714 2026 licita
727 1992 897 2038 appellatio
916 2019 925 2028 .

116 2041 139 2078 8
163 2041 202 2074 In
222 2038 326 2083 causis
346 2036 566 2074 criminalibus
586 2050 644 2073 non
672 2042 851 2075 conceditur
870 2041 1041 2088 appellatio

206 2085 392 2132 suspensiva
405 2110 414 2120 .

112 2144 138 2178 9
161 2135 202 2168 In
210 2132 320 2177 odiosis
323 2132 471 2176 facienda
481 2129 633 2174 estslriffta
647 2134 866 2179 interpretatio
876 2160 886 2170 .

86 2184 137 2219 ἰο
163 2181 388 2217 condemnatus
399 2180 435 2214 de
448 2179 576 2213 crimine
589 2203 598 2218 ,
610 2179 742 2225 efficitur
752 2182 883 2224 infamis
897 2207 906 2217 .

89 2238 108 2263 1
117 2238 133 2263 1
161 2228 295 2272 Infamis
305 2226 370 2273 ipso
381 2226 472 2273 Jure
482 2235 619 2261 remanet
630 2229 786 2272 privatus
798 2231 842 2264 Di
839 2232 966 2275 gnitate
981 2256 990 2265 .

90 2284 108 2309 1
116 2286 135 2308 2
152 2273 294 2319 'Infantis
305 2275 418 2308 evadit
429 2273 615 2318 irregularis
629 2299 638 2308 .

90 2330 133 2364 13
161 2321 251 2358 Talis
271 2321 495 2365 irregularitas
511 2320 687 2358 incurritur
710 2324 882 2360 dumtaxat
905 2327 947 2360 ad
967 2325 1038 2373 effe·

209 2371 294 2404 etum
313 2367 497 2412 suscipiendi
508 2369 638 2403 Ordines
653 2393 662 2402 .

93 2425 138 2458 14
162 2415 304 2458 Infamia:
327 2422 415 2459 poena
436 2425 496 2448 non
515 2415 710 2452 contrahitur
719 2442 729 2457 ,
756 2419 811 2454 nit
825 2420 856 2454 in
882 2418 1005 2464 casibus
1018 2421 1038 2457 d

162 2461 254 2510 Jure
262 2469 357 2506 expre
378 2472 407 2494 ts
419 2484 428 2494 .
588 2465 593 2471 ’

91 2519 133 2552 15
163 2510 260 2553 Layci
274 2508 305 2541 in
320 2507 416 2542 choro
429 2506 560 2552 psallere
569 2507 692 2555 possunt
706 2536 715 2545 .

93 2559 139 2592 16
162 2559 179 2589 I
181 2554 356 2600 rregularis
366 2552 461 2588 habet
471 2564 585 2590 vocem
595 2558 628 2590 in
642 2559 789 2604 capitulo
802 2585 811 2594 .

93 2613 138 2647 17
165 2609 345 2639 Damnatus
353 2602 394 2634 ad
403 2602 544 2636 triremes
556 2615 614 2638 non
624 2603 756 2649 efficitur
768 2609 957 2652 irregularis
965 2635 975 2645 .

91 2651 135 2686 18
163 2649 328 2686 Contraria
341 2649 549 2692 opinioetiam
559 2649 598 2691 esi
610 2650 786 2696 probabilis
799 2679 808 2688 .

91 2707 138 2740 19
162 2696 247 2743 Jam
259 2691 452 2739 transmissus
471 2697 510 2728 ad
524 2697 665 2732 triremes
677 2699 809 2744 efficitur
821 2703 1010 2748 irregularis
1022 2730 1032 2740 .

89 2755 136 2778 20
163 2744 389 2780 condemnatus
413 2741 454 2775 ad
463 2742 601 2777 triremes
616 2768 626 2783 ‚
648 2756 707 2780 non
730 2759 867 2784 remanet
874 2752 1035 2796 privatus

210 2787 369 2825 Beneficiis
379 2811 388 2821 .
810 2815 813 2818 ,

89 2849 133 2872 21
158 2843 224 2873 ‘Per
233 2836 335 2879 folum
346 2835 494 2871 delictum
516 2836 690 2871 incurritur
703 2840 843 2882 infamia.

88 2895 134 2920 22
158 2883 298 2928 Infamia
311 2892 398 2918 arcet
409 2881 449 2917 ab
461 2881 627 2918 obtinendo
636 2885 783 2928 Beneficio
794 2914 804 2929 ,
819 2892 864 2926 &⁰
873 2892 982 2928 deiicit
992 2892 1034 2928 ab

206 2929 331 2965 obtento
343 2954 352 2964 .

87 2990 108 3013 2
114 2989 130 3021 3
157 2978 291 3022 infamis
300 2978 466 3023 provideri
480 2979 587 3023 nequit
599 2979 635 3012 de
648 2978 798 3022 Beneficio
813 3007 822 3016 .

88 3035 135 3068 24
164 3024 327 3067 ‘Provisus
340 3024 466 3071 effeetus
478 3025 605 3067 infamis
618 3049 626 3062 ,
640 3024 659 3059 a*
677 3027 824 3068 Beneficio
835 3040 1028 3068 removetur.

88 3080 132 3113 25
157 3071 251 3106 Ante
270 3072 457 3113 sententiam
488 3073 702 3114 privatoriam
722 3075 898 3118 delinquens
919 3080 1030 3114 retinet

205 3117 391 3160 Beneficium
405 3143 414 3158 ‚
429 3118 572 3164 illudque
586 3121 682 3154 medio
695 3128 830 3165 tempore
843 3126 1028 3172 resignare>

223 3171 269 3198 ote
306 3190 315 3198 .

86 3215 133 3247 26
156 3164 381 3246 eviderffnatus
401 3214 441 3248 ad
476 3215 693 3258 remigandum
718 3218 933 3263 aequiparatur
957 3231 1028 3254 con-

205 3257 344 3292 demnato
356 3261 397 3294 ad
411 3260 574 3294 metallum
587 3285 595 3293 .

84 3315 130 3347 27
157 3304 379 3338 condemnatus
391 3307 422 3340 in
437 3307 600 3341 metallum
612 3307 743 3352 efficitur
752 3309 872 3352 servus
880 3321 970 3358 poenae
980 3338 990 3348 .

82 3355 128 3387 28
155 3350 379 3385 condemnatus
392 3354 425 3385 in
435 3353 597 3388 metallum
610 3354 650 3397 est
661 3355 792 3400 infamis
804 3382 816 3392 .

81 3411 129 3442 29
154 3397 242 3433 Talis
255 3393 390 3432 habetur
400 3405 457 3442 pro
467 3408 590 3436 mortuo
604 3426 614 3436 .

1142 270 1187 301 30
1216 262 1400 304 Beneficium
1415 269 1511 301 :laticr
1523 276 1650 313 propter
1663 269 1794 313 officium
1809 296 1816 304 .

1142 317 1181 351 31
1214 312 1435 347 ltannitusnon
1450 316 1568 348 ‹lisitur
1578 315 1706 356 infamis
1720 342 1728 352 ,
1744 330 1796 352 nec
1813 321 1993 362 deportatus
2013 348 2019 355 .

1141 364 1183 397 32
1211 357 1302 390 Tales
1323 361 1520 395 condemn-ni
1544 373 1598 395 nec
1613 364 1644 395 ιή
1659 363 1803 398 omnihus
1821 365 1942 400 actibus
1954 370 2093 407 stantiu-

1251 403 1353 445 fames
1366 431 1374 439 .

1141 458 1180 491 33
1211 455 1387 486 Damnatus
1400 455 1440 488 ad
1454 456 1684 500 remigandum,
1697 457 1786 492 hodie*
1801 471 1859 493 non
1872 462 2090 502 aquitarum

1257 498 1393 542 amplius
1417 503 1562 537 damnato
1579 505 1609 536 iu
1634 505 1797 540 metallum
1813 530 1822 544 ,
1845 517 1898 540 nec
1920 504 2089 548 siclervus

1252 552 1343 588 poenae
1361 571 1369 578 .

1139 599 1183 632 34
1208 592 1434 628 condemnatus
1454 596 1493 629 acl
1507 604 1694 642 perpetuum
1711 611 1865 634 carcerem
1879 610 2014 635 remanet
2025 604 2089 646 pri-

1256 647 1360 672 vatus
1376 641 1526 683 Beneficio
1541 667 1549 676 .

1139 693 1177 727 35
1208 687 1380 720 canonicus
1395 688 1504 723 taliter
1518 691 1750 731 condemnatus,
1765 706 1824 729 non
1843 693 1935 738 potell
1950 696 2086 741 ampliu,-

1257 731 1414 773 deservire
1427 760 1435 768 .

1145 782 1185 820 36
1214 781 1384 814 Canonium
1398 782 1507 817 taliter
1520 786 1740 821 condemnatus
1757 811 1765 826 ‚
1790 800 1848 822 non
1868 798 2003 824 remanet
2022 790 2085 835 ipso

1259 822 1323 870 Jui
1332 839 1347 861 e
1358 830 1514 873 privatus
1527 854 1535 864 .

1199 920 1228 952 C
1255 921 1282 953 Λ
1311 923 1429 957 PIT
1454 925 1488 958 U
1516 927 1538 961 L
1566 928 1600 963 U
1627 930 1661 962 Μ
1713 929 1907 968 cxxvm,

1110 1011 1164 1089 P
1178 1011 1304 1048 Raesens
1323 1017 1483 1052 articulus
1509 1021 1627 1066 quoad
1647 1032 1826 1069 perpetuos
1839 1035 1987 1060 carceres

1189 1062 1265 1095 raro
1279 1065 1506 1107 practicabiiis
1521 1069 1565 1102 est
1589 1068 1623 1102 in
1641 1071 1732 1104 Urbe
1749 1095 1758 1108 ,
1785 1071 1817 1104 in
1835 1082 1900 1115 qua
1917 1084 1984 1106 non
2038 1086 2051 1110 1

1111 1105 1214 1142 solent
1240 1111 1283 1143 rei
1312 1121 1474 1156 perpetuo
1505 1125 1634 1149 carcere
1649 1117 1747 1161 plecti
1763 1142 1772 1155 ,
1796 1117 1838 1151 ne
1863 1117 1985 1153 scilicet

1110 1154 1211 1188 nimis
1228 1156 1443 1202 restringatur
1463 1160 1634 1197 habitatio
1647 1174 1708 1206 pro
1722 1164 1795 1198 aliis
1808 1167 1985 1200 carceratis

1112 1202 1183 1236 trini
1198 1202 1352 1238 civilibus
1366 1231 1374 1244 ‚
1392 1207 1496 1251 quum
1513 1209 1741 1244 criminalibus
1755 1235 1764 1248 ,
1779 1215 1811 1244 &
1828 1213 1868 1246 ne
1882 1212 1984 1247 dimi-

1111 1259 1257 1285 nuantur
1277 1252 1419 1287 aliorum
1433 1265 1614 1300 pauperum
1629 1267 1878 1292 carceratorum
1892 1261 1984 1293 clcae-

1110 1307 1272 1342 mosynae,
1289 1301 1462 1336 Scanaroll.
1474 1303 1511 1336 de
1519 1303 1643 1345 vilitat.
1658 1313 1809 1339 carcerat.
1823 1304 1983 1341 lib-1.c.2.

1107 1355 1220 1386 nu.30.
1235 1347 1451 1382 D..21dvocat.
1464 1351 1619 1383 Dominic.
1635 1350 1762 1398 Ursaya
1774 1352 1909 1395 Institut-
1921 1355 1983 1388 cri-

1109 1392 1183 1424 min.
1195 1390 1285 1434 lib.4.
1295 1395 1365 1436 tit.3
1378 1418 1386 1427 .
1396 1406 1449 1428 nu.
1458 1407 1469 1430 1
1479 1407 1492 1438 5
1501 1421 1508 1429 .
1523 1407 1594 1430 cum
1602 1397 1688 1444 seqq.
1704 1403 1806 1433 l²rout
1820 1399 1920 1434 etiam
1931 1412 1983 1435 ra·

1107 1436 1233 1472 riffimu
1260 1438 1361 1474 debet
1376 1441 1436 1475 elle
1456 1453 1551 1486 paena
1575 1444 1813 1489 remigationis
1825 1446 1982 1483 Ecclesia-

1106 1483 1264 1519 sticorum
1276 1509 1285 1523 ‚
1315 1486 1364 1521 itti
1379 1511 1389 1525 ‚
1402 1499 1439 1522 nt
1454 1488 1590 1535 Iudices
1605 1490 1820 1527 Ecclesiastici
1834 1492 1982 1530 debeant

1107 1530 1167 1565 else
1182 1533 1276 1566 valde
1302 1533 1530 1580 circumspefti
1544 1562 1553 1576 ‚
1581 1540 1767 1584 antequam
1782 1540 1981 1575 Ecclcliasti-

1107 1589 1184 1612 cum
1198 1580 1240 1612 ad
1253 1581 1490 1625 remigandum
1503 1585 1665 1619 damnent
1678 1609 1688 1624 ,
1711 1587 1789 1620 cum
1800 1586 1867 1622 hoc
1881 1587 1978 1625 fine..-

1107 1635 1240 1670 magno
1263 1629 1384 1672 Populi
1399 1627 1558 1665 scandalo
1572 1655 1585 1670 ,
1610 1642 1651 1666 ac
1666 1631 1803 1667 habitus
1814 1633 1979 1671 dedecore

1104 1672 1300 1719 contingere
1325 1686 1468 1720 nequeat
1486 1689 1496 1715 ς
1520 1677 1622 1713 Unde*
1648 1679 1809 1714 Urbanus
1835 1683 1930 1716 vm.
1941 1692 1979 1717 ut
2027 1699 2048 1722 2

1100 1718 1216 1755 decori
1244 1721 1416 1756 Clericalis
1432 1723 1575 1759 Ordinis
1598 1725 1780 1761 consu-leret
1798 1752 1807 1767 ‚
1828 1729 1976 1773 provide

1101 1768 1209 1801 extrui
1231 1766 1324 1810 juffit
1348 1770 1560 1814 Ergastnlum
1576 1797 1585 1811 ‚
1608 1771 1660 1807 seu
1682 1783 1849 1809 carcerem
1868 1776 1976 1821 prope*

1102 1814 1309 1850 Vaticanum
1324 1841 1334 1856 ,
1349 1817 1462 1852 minus
1472 1819 1562 1853 enim
1579 1819 1774 1855 indecorum
1790 1822 1834 1856 est
1849 1846 1859 1861 ,
1874 1822 1977 1859 Cleri-

1099 1872 1179 1896 curn
1192 1873 1358 1907 perpetuo
1367 1864 1491 1899 carceri
1516 1866 1701 1911 mancipari
1712 1892 1721 1906 ‚
1751 1871 1854 1913 quam
1866 1871 1911 1905 ad
1926 1881 1976 1906 re·

1100 1908 1301 1953 migandum
1314 1910 1417 1946 etiam
1433 1911 1478 1948 ad
1495 1921 1628 1958 tempus
1641 1913 1795 1949 damnari
1807 1939 1821 1954 ,
1845 1922 1977 1964 Amay-

1100 1956 1169 1990 den.
1180 1956 1291 1999 deslyl.
1303 1964 1417 1994 Datar.
1434 1958 1525 1994 liba.
1539 1969 1606 2007 cap.
1616 1965 1733 2001 16.§.6.
1749 1965 1814 1998 n.8.
1828 1975 1898 1999 cum
1906 1964 1974 2012 seq.

1099 2003 1201 2038 Adeo
1215 2014 1328 2040 autern
1343 2017 1445 2050 grave
1458 2009 1663 2052 quandoque
1679 2009 1754 2044 dari
1770 2013 1876 2055 potest
1890 2012 1973 2047 deli-

1100 2051 1190 2084 stum
1205 2051 1237 2086 in
1252 2051 1430 2087 Canonico
1445 2079 1453 2092 ,
1482 2065 1518 2088 ut
1533 2055 1589 2089 itte
1605 2057 1849 2092 condemnetur
1859 2063 1903 2093 ad
1916 2059 1976 2095 tri·

1099 2108 1204 2132 remes
1220 2123 1230 2138 ,
1244 2104 1293 2134 vel
1305 2111 1486 2146 perpetuos
1500 2112 1657 2141 carceres,
1671 2103 1880 2151 proindeque
1892 2116 1972 2150 prae-

1097 2144 1214 2180 bea-tur
1227 2146 1363 2182 occasio
1373 2146 1581 2193 disceptandi
1597 2173 1608 2188 ,
1635 2152 1748 2185 utrum
1763 2177 1772 2190 ,
1793 2153 1898 2188 stante
1914 2154 1972 2190 tali

1097 2192 1384 2229 condemnatione
1398 2196 1514 2230 medio
1528 2205 1676 2241 tempore
1690 2207 1863 2235 maturato
1875 2200 1973 2245 quin-

1097 2238 1241 2280 dennio,
1253 2241 1503 2277 condemnatus
1515 2243 1617 2288 possit
1629 2244 1671 2279 de
1685 2244 1746 2279 illo
1757 2246 1971 2293 participare,

1097 2296 1141 2322 an
1154 2288 1233 2322 vero
1247 2288 1467 2324 condemnati
1484 2290 1600 2335 portio
1612 2291 1778 2328 accrescat
1790 2293 1969 2340 capitulo,

1096 2333 1284 2381 caeterisque
1299 2335 1487 2371 canonicis
1501 2362 1509 2375 ‚
1523 2341 1553 2371 &
1567 2349 1628 2382 pro
1637 2338 1842 2383 responfione
1855 2340 1971 2379 firma-

1098 2389 1152 2415 tur
1167 2407 1175 2421 ‚
1199 2382 1296 2427 quod
1307 2383 1501 2420 Canonicus
1515 2385 1761 2424 condemnatus
1773 2389 1815 2423 de
1830 2389 1970 2426 crimine

1096 2427 1232 2473 capitali
1248 2454 1256 2468 ‚
1272 2440 1311 2464 ex
1320 2442 1394 2475 quo
1405 2435 1480 2477 quis
1491 2443 1559 2466 non
1573 2432 1723 2476 privatur
1734 2433 1804 2480 ipso
1816 2435 1891 2482 Jure
1906 2439 1970 2473 Be-

1096 2475 1218 2510 neficio
1228 2502 1236 2515 ‚
1252 2476 1297 2511 ad
1311 2477 1479 2517 triremes,
1495 2476 1547 2513 seu
1560 2479 1605 2513 ad
1619 2491 1798 2525 perpetuos
1808 2493 1969 2527 carceres,

1095 2521 1255 2558 sententia
1269 2525 1549 2561 condemnatoria
1562 2526 1714 2562 nondum
1727 2527 1968 2568 demandata..-

1095 2571 1532 2618 exequutioni‚patticipare
1546 2573 1648 2609 debet
1662 2575 1728 2611 unzi
1741 2587 1819 2611 cum
1833 2580 1968 2626 reliquis

1095 2616 1282 2653 canonicis
1295 2630 1358 2664 pro
1383 2620 1501 2666 aequali
1517 2630 1591 2655 rata
1604 2622 1645 2656 de
1659 2622 1869 2668 quindennio
1879 2625 1967 2663 inte-

1093 2662 1157 2698 rim
1173 2666 1287 2699 medio
1299 2675 1447 2709 tempore
1460 2669 1542 2702 ante'
1553 2678 1757 2713 exequutam
1768 2669 1964 2710 sententiam

1095 2721 1269 2746 maturato
1284 2738 1293 2752 ‚
1318 2713 1503 2759 debitoque
1516 2715 1675 2760 Capitulo
1689 2729 1731 2752 ex
1744 2719 1964 2767 Emphyteufi

1094 2758 1211 2793 manui
1225 2769 1364 2794 mortuae
1375 2771 1433 2806 per
1444 2762 1641 2806 Capitulum
1654 2765 1806 2801 concessa
1817 2793 1827 2807 ‚
1850 2770 1964 2804 cum-2

1094 2816 1151 2848 per
1166 2803 1265 2840 solam
1293 2808 1612 2844 condemnationem
1630 2822 1704 2852 ,non
1718 2813 1886 2851 censeatur
1898 2817 1964 2861 pri-

1093 2861 1191 2886 vatus
1201 2852 1414 2890 Canonicatu
1427 2879 1437 2895 ,
1449 2857 1658 2903 proindeque
1671 2859 1784 2895 adhuc
1795 2872 1965 2896 remaneat

1093 2898 1299 2943 Capitularis
1310 2925 1319 2939 ,
1334 2911 1371 2936 ut
1385 2914 1443 2948 per
1453 2903 1566 2948 priuS,
1577 2916 1638 2939 nec
1648 2917 1751 2951 poena
1765 2908 1964 2947 triremium,

1092 2955 1152 2980 aut
1163 2948 1314 2991 perpetui
1326 2949 1466 2984 carceris
1480 2950 1525 2985 est
1537 2951 1763 2988 determinata
1776 2957 1793 2988 ai
1813 2955 1885 2998 Iure
1900 2968 1965 3000 pro

1091 3002 1185 3027 certo
1205 2995 1343 3030 crimine
1366 2995 1544 3032 inducente
1557 2998 1701 3034 eandem
1715 3001 1937 3044 privationem
1953 3028 1962 3042 ,

1089 3037 1144 3075 sed
1158 3039 1347 3086 imponitur
1361 3043 1382 3078 εὶ
1392 3042 1512 3090 Judice
1523 3056 1585 3090 pto
1600 3047 1776 3090 qualitate,
1788 3051 1818 3080 ce
1831 3047 1961 3084 citcum

1088 3086 1218 3122 stantiis
1240 3086 1319 3124 faffi
1331 3113 1341 3128 ,
1365 3101 1405 3125 ac
1419 3090 1632 3135 personarum
1646 3118 1654 3130 ‚
1675 3095 1707 3125 δι
1722 3092 1960 3138 consequenter

1090 3145 1157 3168 non
1169 3135 1279 3178 potest
1289 3137 1419 3181 operari
1430 3136 1734 3173 eundemeffetftum
1746 3139 1959 3184 privationis,

1086 3179 1196 3215 immo
1206 3181 1958 3236 diciturpotiuspoenitentiaeinjunftio,qu:im

1085 3224 1268 3268 iudiciariae
1283 3240 1391 3272 poenae
1402 3229 1576 3273 impositio
1590 3253 1600 3268 ,
1627 3231 1672 3265 ad
1686 3235 1811 3269 tradita
1823 3247 1880 3280 per
1893 3248 1960 3275 tra-

1085 3274 1160 3306 dita
1185 3284 1242 3318 per
1268 3279 1388 3323 ⁴Lotter.
1401 3276 1436 3308 de
1450 3286 1482 3308 re
1495 3274 1618 3317 benefic.
1632 3276 1727 3322 lib.3.
1740 3290 1813 3326 qu.3
1824 3295 1853 3324 3.
1866 3297 1916 3328 n.5
1926 3298 1957 3328 3.

1085 3321 1248 3365 cumleqq.
1262 3322 1365 3364 juncto
1377 3324 1468 3364 n.64.
1479 3333 1550 3356 cum
1560 3322 1648 3370 seqq.
1664 3328 1819 3369 Raynald.
1831 3329 1959 3372 obficri-

1085 3366 1162 3399 min.
1173 3373 1284 3400 tom-1.
1301 3370 1475 3413 cap-8.§.r.
1487 3380 1599 3414 nu.44.
1613 3373 1774 3420 cumseqq.
1792 3379 1833 3411 ὅ·
1845 3387 1958 3423 temer.
2005 3415 2008 3416 ⁷

1083 3414 1124 3447 ad
1136 3412 1563 3461 cap.8·supplet.z.num.17.
1577 3418 1711 3466 &seqq
1727 3428 1769 3456 D.
1781 3427 1954 3462 Advorsae.

1459 3464 1475 3498 Ι
1489 3461 1526 3498 ii
1551 3476 1570 3499 2
1853 3476 1920 3506 Ur-

2008 3206 2027 3239 υ»)
