2295 3757
49 229 80 268 5³

49 2771 93 2807 ‘C

315 126 612 195 Doerorcs
633 127 765 211 post
783 126 1151 192 Trastatum
1170 127 1247 188 de
1269 127 1715 210 QindenniiS.

149 237 244 272 extr-i
268 250 404 275 manum
431 248 602 272 mortuam
633 238 815 282 reponendi
842 264 850 272 .
888 242 931 273 A.

195 285 364 332 Asperitas
386 295 500 320 autem
514 310 522 323 ‚
548 296 588 319 ac
600 284 877 320 irrationabilitas
898 285 930 319 in
946 285 1010 320 lroc

146 332 252 366 etiarn
266 332 416 379 dignosci
428 331 582 366 videntur
595 354 603 367 ‚
617 330 650 364 id
662 331 707 365 ad
722 330 870 371 literam,
883 338 915 367 ἃ
929 344 1006 368 curn

146 380 361 422 generalitate
375 376 598 413 indifferenter
613 377 832 422 praeticautlo
843 404 851 417 ‚
870 379 934 413 sine
949 378 1007 415 illa

147 426 473 462 circumstantiarum
485 423 709 463 distinetione,
721 435 824 471 quam
839 426 1007 461 humanus

148 472 311 509 discursus
337 498 346 513 ‚
375 484 413 508 ac
428 470 641 507 ratiocinium
655 473 779 506 docent
795 484 803 511 ;
832 472 898 507 Ubi
915 484 1008 507 nam-

149 532 214 564 que
230 520 270 555 de
287 521 340 555 illa
352 517 558 554 concessione
571 518 684 562 agitur
698 544 707 558 ‚
732 530 805 564 quae
817 519 860 554 ad
875 529 1006 554 certum

147 578 265 611 genus,
279 578 381 613 atque
395 565 436 600 ad
447 574 573 599 certum
585 563 778 609 sanguinein
789 566 935 601 reliricia
945 565 1004 604 est,

150 622 231 649 tunc
246 615 302 649 iste
316 611 406 648 casus
420 622 558 646 mortuae
569 622 689 646 manus
701 624 768 648 non
779 612 881 648 datur
890 624 1004 648 cum..-

149 661 355 708 proximiore
368 657 535 702 sanguinis
550 658 666 702 herede
678 658 725 693 ob
740 657 916 694 solemnem
929 671 1006 704 pto-

150 707 324 745 fessionem
350 706 501 750 incapaci
516 704 634 741 effecto
660 717 730 741 rem
743 706 920 742 obtinendi
936 705 1006 750 iure

148 755 311 804 privato(
326 752 533 798 probabilius
546 752 699 798 quidem)
711 753 822 797 magis
836 763 1006 800 receptum

150 803 194 839 sit
204 827 214 842 ,
249 800 454 836 Monastcrio
470 799 602 848 excluso
626 826 634 840 ‚
657 801 699 834 ad
712 801 815 836 alium
836 799 1007 846 sanguinis

151 847 393 896 proximiorem
405 857 455 881 res
468 849 612 882 transeat
625 872 634 885 ‚
646 846 888 883 eodemmodo
901 872 911 886 ,
936 858 1007 893 quo

150 897 187 932 in
200 894 309 931 feudis
321 894 530 939 dispositum,
544 905 582 928 ac
597 904 766 940 receptum
778 895 824 930 est
835 919 845 934 ‚
856 895 913 930 ubi
927 893 1008 929 vero

150 942 362 979 haereditaria
376 941 543 976 concessio
555 943 600 976 est
613 968 623 982 ‚
659 940 749 976 unde*
760 941 938 986 propterea
960 940 1008 975 ad

149 998 400 1039 quemcumque
410 999 604 1024 extraneum
616 987 777 1024 haeredem
789 987 834 1022 est
843 985 1008 1023 transmis-

152 1037 256 1073 sibilis
272 1062 281 1077 ,
296 1048 376 1072 tunc
391 1047 457 1071 non
472 1033 603 1071 videtur
615 1060 625 1074 ‚
648 1034 783 1070 cuinam
800 1034 924 1070 rationi
938 1035 1007 1069 haec

153 1084 272 1120 innixa
296 1084 335 1118 sit
350 1082 534 1129 prohibitio
557 1083 603 1117 ob
620 1082 796 1119 cessantem
816 1083 888 1124 ejus
901 1080 1008 1117 ratio-

153 1143 229 1168 nem
243 1130 385 1166 tollendi
402 1129 488 1176 spem
499 1127 728 1165 devolutionis
738 1153 747 1168 ,
771 1127 882 1174 qualis
895 1129 928 1164 in
940 1127 1006 1163 illis

151 1181 244 1224 viget
257 1176 525 1214 concessionibus
538 1201 547 1214 ,
559 1189 631 1224 quae
644 1175 689 1211 ad
701 1184 807 1212 certas
815 1175 1007 1220 generatio-

151 1237 210 1263 nes
224 1251 233 1265 ,
257 1225 308 1260 vel
323 1225 366 1260 ad
376 1232 504 1260 certum
528 1222 723 1270 sanguinem
745 1223 896 1258 restrietae
909 1221 1007 1262 sunt3

153 1274 222 1309 sola
243 1283 390 1318 namque
403 1269 602 1306 discriminis
615 1270 702 1307 ratio
714 1270 773 1306 illa
784 1269 1006 1307 considerabi-

150 1321 195 1358 iis
209 1319 384 1355 videturin
396 1319 486 1352 mere:
498 1315 709 1354 haereditaria
719 1341 730 1357 ,
756 1316 813 1353 ubi
821 1320 926 1362 pene's
939 1318 1006 1363 pri·-

151 1376 270 1402 vatam
283 1392 293 1406 ,
307 1376 347 1401 ac
367 1375 434 1399 non
448 1374 620 1399 mortuam
631 1374 771 1400 manum
784 1364 825 1400 sit
835 1389 844 1404 ,
868 1374 904 1400 ut
916 1364 1005 1400 illa.»

151 1412 270 1460 sperari
282 1413 392 1447 valeat
406 1410 447 1446 de
454 1411 584 1446 volutio
598 1435 608 1450 ‚
625 1422 697 1457 quae
709 1413 805 1454 juxta
819 1423 920 1447 unam
931 1411 1007 1458 opi-

150 1460 288 1496 nionem
299 1483 310 1498 ,
322 1456 463 1493 cessante
477 1457 631 1504 legitimo
642 1458 764 1494 testato
776 1483 786 1498 ‚
811 1461 859 1494 vel
874 1459 1008 1494 intesta-

150 1517 190 1543 to
200 1505 326 1541 haerede
337 1529 346 1544 ,
358 1504 557 1550 sequaturin
568 1506 788 1542 exclusionem
803 1503 894 1546 Fisci‚
909 1505 1006 1552 quod

148 1553 329 1592 modicum
343 1576 354 1591 ,
375 1551 585 1596 nimiumque
595 1563 705 1587 rarum
715 1551 842 1587 redolet
853 1553 1008 1597 praejudi-

148 1601 264 1639 cium,
282 1598 417 1635 abunde
441 1597 692 1643 compensatum
713 1599 734 1635 a
756 1601 946 1636 commodo
956 1612 1008 1637 te-

151 1646 294 1687 sultante
303 1647 324 1681 a
334 1643 619 1691 quindenniorum
631 1645 891 1687 introdustionffi
901 1659 1008 1694 quan-

151 1696 203 1731 do
212 1693 314 1741 pene‘s
326 1703 466 1728 manum
476 1701 647 1728 mortuam
657 1691 858 1739 perseverare
873 1694 1007 1739 permit-

151 1741 236 1779 titur
245 1765 255 1781 ,
261 1751 318 1786 per
331 1750 435 1786 quam
447 1739 542 1776 alteri
555 1737 743 1775 consultum
754 1740 799 1776 est
811 1742 1008 1786 praejudicio

150 1787 410 1826 laudemiorum‚
421 1798 495 1833 quae
508 1785 705 1824 obtinentur
717 1800 758 1822 ex
773 1787 869 1824 cansa
882 1788 1008 1826 aliena-

149 1833 257 1872 tionis
268 1859 280 1874 ,
303 1846 378 1879 quae
402 1833 437 1869 in
447 1833 588 1870 Ecclesia
606 1834 650 1869 est
662 1834 834 1878 prohibita
848 1860 858 1871 .
899 1835 1006 1881 Igitur

151 1881 289 1918 evidens
310 1880 589 1916 irrationabilitas
609 1881 744 1917 videtur
765 1906 776 1921 ‚
808 1881 877 1917 hoc
887 1886 1008 1919 alium-

151 1930 368 1976 ptum,juxta
379 1927 562 1963 hodiernos
578 1939 690 1963 mores
703 1929 776 1972 post
790 1928 916 1965 dietam
930 1941 1006 1964 mo-

120 2018 121 2021 *
149 1977 290 2012 dernam
311 1973 596 2009 introdufflonem
611 1973 893 2019 quindemiiorum
916 1976 1005 2011 anti-

147 2021 326 2070 quioribus
335 2021 505 2067 ignotam;
515 2021 562 2057 ita
578 2020 798 2058 indifferenter
809 2022 1006 2068 practicare3

149 2071 316 2114 Maiorem
333 2070 412 2104 vero
431 2067 636 2115 asperitatem
656 2069 784 2105 redolet
802 2071 942 2105 alterum
956 2069 1005 2105 as-

151 2115 322 2162 sumptum
335 2140 346 2155 ,
356 2116 497 2161 quando
509 2113 719 2161 dispositioni
731 2116 813 2162 legis
824 2119 928 2152 altera
943 2118 1006 2152 ho-

150 2163 258 2200 minis
266 2162 396 2199 accedit
406 2161 500 2208 super
509 2161 576 2197 hoc
589 2162 751 2202 transitu,
766 2172 804 2198 ut
815 2164 1007 2200 devolutio-

150 2210 187 2248 ni
208 2212 304 2246 locus
316 2208 485 2256 aperiatur
510 2234 521 2250 ‚
541 2218 644 2256 atque
659 2212 841 2256 denegetur
863 2209 1007 2247 facultas

152 2256 339 2302 reponendi
351 2256 446 2293 extra
457 2267 596 2292 manum
610 2267 780 2292 mortuam
790 2283 800 2297 ,
814 2269 892 2294 cum
907 2258 1008 2306 aequi-

151 2303 306 2340 valentiae
315 2302 506 2347 receptione
517 2328 527 2343 ,
550 2303 722 2348 potiffime*
737 2304 793 2340 ubi
804 2317 844 2340 ex
859 2317 926 2341 non
940 2308 1009 2342 cul-

150 2349 236 2396 poso
247 2349 349 2385 titulo
360 2349 398 2384 id
410 2347 578 2396 sequatur,
591 2349 683 2386 adeo
696 2361 734 2386 ut
746 2352 858 2388 omnis
869 2352 982 2389 delini
995 2377 1009 2394 ,

149 2401 187 2432 &
198 2395 348 2442 positivae
359 2398 647 2432 contraventionis
657 2398 743 2434 absit
756 2397 896 2444 suspicio
904 2426 914 2440 ,
925 2399 1008 2447 quia

151 2444 276 2488 nempe
288 2454 366 2479 cum
378 2442 546 2480 bonorum
561 2443 771 2481 universitate
781 2471 791 2485 ‚
805 2450 838 2481 &
850 2458 890 2482 ex
903 2447 1009 2483 titulo

152 2490 296 2530 dire&ae‚
311 2492 361 2527 vel
374 2489 518 2535 obliquae
530 2489 739 2528 succeffionis
751 2492 951 2534 universalis,
966 2505 1009 2530 ea

153 2546 206 2574 res
216 2535 360 2573 transeat
368 2561 378 2576 ‚
388 2538 466 2573 etim
478 2547 559 2574 tunc
569 2536 745 2574 formalem
759 2550 898 2584 poenam
910 2541 946 2576 id
958 2553 1010 2577 re-

151 2584 269 2620 doleat
280 2583 345 2619 fine
358 2583 484 2620 desisto
496 2608 508 2624 ‚
529 2586 579 2620 vel
595 2587 691 2634 quod
704 2586 864 2623 defletum
882 2589 1008 2634 impor-

122 2656 125 2661 -
151 2641 202 2667 tet
212 2630 268 2677 pie
280 2629 474 2676 disponere.
496 2631 535 2666 Β.

148 2726 160 2729 Ὗ
199 2683 242 2714 ,Α
251 2676 430 2721 disc-4839·
438 2677 600 2724 sequen-de
613 2682 807 2729 Emphyt.&
820 2683 853 2718 in
865 2692 1008 2720 annotat.

151 2727 270 2761 Β.άὶἂο
276 2723 454 2768 disc-48.&
463 2729 567 2769 49&
577 2728 609 2762 in
612 2728 635 2769 s
631 2729 824 2774 upplemento
834 2755 844 2765 .

196 2773 247 2808 Ex
258 2770 444 2808 Cardiu.de
458 2771 548 2808 Luca
560 2773 595 2808 in
607 2774 768 2813 conflichu
790 2799 800 2815 2
816 2776 869 2812 seu
880 2775 1008 2815 observ.

146 2820 194 2856 tit
206 2818 250 2854 de
261 2818 482 2866 Emphyteusi
494 2819 667 2856 observ.22
675 2833 706 2865 5.

164 2907 168 2909 ,
197 2873 247 2902 De
257 2867 517 2914 quindenm'orum
525 2869 753 2904 introductione
764 2896 774 2911 ,
785 2882 822 2906 ac
832 2871 987 2915 solutione
995 2896 1006 2907 .

195 2912 416 2949 Pei-mittente
428 2914 584 2951 Domino
593 2915 852 2962 Emphyteutice
862 2918 908 2954 rei
918 2928 1009 2954 tran-

143 2961 252 2996 situm
266 2985 276 3002 ,
303 2972 345 2998 ac
355 2960 576 2997 retentionem
599 2962 644 2997 ad
662 2974 804 2999 manum
814 2975 984 3001 mortuam
995 2992 1007 3007 ,

146 3018 255 3052 quam
279 3007 321 3044 de
337 3010 408 3051 jure
432 3009 606 3053 prohibere
614 3010 727 3055 potest
752 3033 763 3049 ‚
799 3021 838 3047 ut
849 3012 1009 3056 proxime?

153 3054 350 3100 praecedenti
361 3054 592 3092 observatione
605 3056 792 3093 advertitur
805 3070 817 3097 ς
828 3059 880 3093 Ut
891 3058 936 3094 illi
945 3070 1006 3094 oc-

151 3112 301 3138 curratur
314 3103 507 3148 praejudicio
517 3129 528 3144 ,
539 3103 592 3140 cni
602 3104 700 3140 dietae
709 3101 878 3140 facultatis
892 3105 1008 3149 prohi-

152 3147 252 3186 bendi
262 3151 351 3185 ratio
361 3150 475 3194 innixa
489 3152 533 3187 est
545 3177 555 3192 ‚
580 3152 662 3198 quia
675 3151 794 3198 nempe*
806 3153 946 3188 tollatur
965 3164 1007 3190 ea

155 3192 227 3238 spes
239 3197 482 3234 laudemiorum
496 3224 506 3239 ‚
519 3211 593 3246 quae
606 3199 780 3235 occasione
794 3197 1008 3235 alienationiS

154 3241 249 3276 extra
275 3244 428 3287 personas
451 3257 510 3293 per
522 3247 756 3282 Investituram
775 3255 913 3281 vocatas
929 3245 1008 3282 solvi

157 3288 280 3341 debent
300 3290 428 3327 ratione
440 3291 613 3329 consensus
631 3295 664 3330 in
674 3292 932 3330 alienationibus
954 3303 1012 3340 pet

153 3336 345 3388 Dominum
362 3340 537 3381 praestandi
550 3355 563 3382 3
587 3342 676 3378 Hinc
691 3341 839 3378 adinstar
856 3341 1013 3377 introdu-

154 3382 280 3420 Ctionis
299 3383 508 3423 cancellariae
531 3389 735 3435 Apostolicae
756 3388 792 3427 in
805 3387 979 3429 Beneficiis
999 3412 1014 3431 2

1815 152 1939 215 495

1070 249 1143 284 qua·
1156 238 1270 273 manni
1286 248 1427 273 mortuae
1443 238 1536 274 unita
1554 239 1626 273 sunt
1644 263 1653 277 ,
1680 250 1717 272 nt
1742 250 1936 277 occurratur

1071 285 1324 319 Annatiliarum
1341 310 1349 324 ‚
1377 289 1410 320 Sc
1427 284 1641 320 officialium
1655 286 1848 330 prejudicio
1865 313 1873 324 ,
1902 290 1933 322 in

1067 331 1335 376 Empliyteutica
1346 332 1486 368 materia.
1500 357 1509 371 ,
1533 333 1622 366 idern
1639 344 1774 379 quoqu:
1792 332 1932 368 inolevit

1067 377 1351 423 quintlcnnioruni
1367 376 1452 419 usus,
1467 380 1524 425 qui
1541 379 1572 413 in
1593 378 1765 414 Beneficiis
1781 379 1935 415 introdu-

1067 426 1139 460 stus
1150 424 1195 459 est
1209 449 1218 458 .
1246 425 1472 462 Rationabilis
1486 436 1600 462 autem
1615 425 1760 461 dicenda
1773 426 1815 460 cst
1830 426 1935 460 intro-

1067 471 1185 506 duftio
1203 471 1236 505 in
1249 483 1370 516 genere
1385 498 1394 512 ,
1422 475 1470 508 vel
1483 473 1518 507 in
1531 471 1708 509 substantia
1732 474 1778 507 ob
1793 473 1934 507 rationis·

1066 517 1279 553 identitatem
1290 544 1298 558 ,
1311 519 1550 555 irrationabilis
1563 530 1675 555 autem
1690 521 1722 555 in
1737 519 1844 557 modo
1855 531 1932 555 orn-

1065 565 1147 600 nino
1168 564 1438 602 similitudinarie
1450 591 1459 606 ,
1486 567 1572 601 circa
1606 567 1798 612 quindecim
1827 578 1933 602 anno-

1065 624 1139 647 rum
1152 622 1281 659 taxa‹n;
1296 613 1360 648 Ista.
1371 625 1515 660 namque
1528 614 1561 648 in
1577 613 1811 653 [eclesiasticis
1826 615 1929 649 Benc-

1063 658 1151 695 ficiis
1174 659 1219 694 ad
1234 658 1337 695 solam
1347 660 1451 695 vitam
1471 660 1639 706 provideri
1664 660 1768 696 solitis
1780 660 1930 696 rationa-

1066 705 1175 741 biliter
1188 706 1382 743 introduCIa
1394 707 1542 747 est,dum
1554 707 1766 755 compensata
1778 708 1930 749 junioris,

1066 764 1107 789 ac
1121 752 1256 804 senioris
1268 763 1364 789 aetate
1382 779 1391 793 ,
1404 753 1588 800 probabilis
1603 779 1612 793 ,
1636 767 1677 790 ac
1692 756 1869 790 moderata
1881 756 1928 790 est

1068 810 1149 836 taxa
1160 803 1180 836 εὶ
1190 800 1405 846 frequentiori
1420 801 1653 847 contingentia
1665 804 1816 847 regulata
1829 826 1837 839 ,
1851 806 1931 836 cuin

1067 847 1245 892 pernecesse
1258 847 1500 884 Beneficiorum
1515 849 1720 888 vacationes,
1731 861 1770 886 ac
1784 847 1930 893 respecti·

1069 893 1110 928 ve*
1129 905 1223 929 novae
1235 894 1442 941 provisiones
1463 895 1644 943 sequuturae
1665 897 1750 936 lint;
1776 898 1856 930 l-laec
1871 907 1930 930 au-

1067 949 1137 975 tem
1150 941 1239 976 tatio
1253 941 1468 987 Emphyteusi
1493 955 1560 978 non
1573 943 1730 988 congruit
1747 969 1756 984 ,
1779 942 1856 978 cum
1872 954 1927 987 per

1067 986 1181 1023 saecula
1193 1011 1203 1026 ‚
1225 986 1275 1022 seu
1296 1000 1352 1034 per
1366 989 1587 1026 remotiffima
1602 1000 1755 1035 tempora
1772 988 1930 1034 probabi-

1067 1034 1140 1070 liter
1152 1033 1245 1070 casus
1257 1034 1331 1071 dari
1346 1037 1454 1072 valeat
1469 1063 1478 1077 ‚
1500 1047 1537 1073 ut
1551 1038 1706 1072 transitus
1721 1037 1931 1073 bonorum-2

1065 1079 1155 1117 intra
1170 1080 1322 1127 personas
1330 1081 1475 1125 ejusdem
1487 1084 1618 1129 generis
1631 1084 1785 1130 sequatur
1795 1107 1804 1121 ‚
1823 1083 1929 1118 nulla-

1091 1139 1130 1164 ne
1144 1127 1205 1164 fiat
1216 1128 1377 1165 alienatio
1395 1155 1405 1170 ‚
1428 1131 1573 1176 ideoque
1583 1132 1677 1166 certo
1699 1132 1844 1166 extitura
1861 1140 1929 1165 non

1079 1186 1109 1212 it
1119 1173 1340 1223 consequutio
1350 1176 1509 1213 laudemii
1518 1203 1527 1218 ,
1541 1187 1578 1212 ut
1589 1176 1624 1213 in
1635 1176 1931 1223 consequutionffl

1067 1232 1199 1259 annatae
1217 1235 1278 1270 pro
1287 1223 1444 1261 Beneficii
1458 1224 1636 1261 vacatione
1652 1248 1662 1263 ‚
1689 1235 1728 1259 ac
1740 1222 1930 1270 provisione

1067 1270 1215 1306 extitura
1228 1270 1274 1306 est
1286 1296 1297 1312 ,
1322 1271 1464 1318 qnando
1478 1272 1580 1319 pene's
1604 1282 1740 1312 manum
1754 1280 1928 1306 mortuam

1066 1316 1200 1353 unitum
1214 1328 1283 1354 non
1296 1317 1356 1359 fit,
1369 1320 1460 1356 unde?
1495 1320 1643 1366 ropterea
1659 1328 1741 1354 taxa
1753 1317 1846 1354 suam
1862 1327 1930 1351 non

1066 1363 1168 1400 habet
1181 1365 1447 1410 proportionem,
1474 1367 1516 1403 ed
1529 1364 1825 1403 irrationabilis,ac
1839 1361 1930 1408 aspe-

1065 1422 1105 1446 ra
1113 1409 1276 1447 censenda
1288 1412 1334 1447 est
1346 1437 1355 1452 ‚
1381 1413 1461 1449 cum
1475 1415 1520 1449 ad
1534 1412 1795 1459 proportionem
1810 1410 1932 1455 proba-

1065 1457 1144 1493 bilis
1155 1456 1218 1503 spei
1232 1483 1242 1497 ,
1255 1469 1317 1504 pro
1326 1459 1542 1504 personarum
1556 1486 1566 1501 ‚
1591 1471 1631 1495 ac
1641 1459 1808 1494 bonorum
1823 1455 1930 1503 quali-

1067 1514 1160 1543 tate,
1180 1516 1327 1543 acmorc
1339 1506 1488 1552 regionis
1502 1506 1723 1546 fieridebear;
1748 1505 1844 1539 Tunc
1869 1513 1930 1538 au-

1065 1561 1137 1587 tem
1149 1550 1266 1587 eadem
1280 1562 1360 1588 taxa
1372 1553 1584 1590 rationabilis
1597 1578 1607 1592 ‚
1623 1556 1655 1587 &
1667 1551 1752 1594 justa
1764 1559 1926 1595 reputan-

1066 1597 1112 1634 da
1137 1598 1184 1634 est
1197 1621 1207 1637 ,
1225 1600 1366 1644 quando
1385 1600 1407 1637 a
1423 1601 1575 1648 quolibet
1601 1610 1698 1635 novo
1723 1595 1925 1635 successore.

1067 1644 1248 1681 feudorum
1258 1646 1418 1686 adinstar,
1435 1647 1581 1694 petenda
1590 1647 1635 1683 est
1645 1643 1832 1682 renovatio,
1845 1641 1933 1686 ejus-

1068 1703 1133 1739 que
1142 1692 1317 1729 occasione
1335 1691 1529 1730 solvendum
1540 1694 1586 1730 est
1613 1691 1819 1730 laudemium
1831 1713 1851 1742 ¹,
1881 1690 1934 1743 yel

1067 1741 1134 1775 alia
1144 1738 1332 1786 recognitio
1343 1765 1353 1780 ,
1373 1740 1452 1776 cum
1463 1751 1541 1777 tunc
1552 1741 1627 1777 vere*
1639 1765 1649 1779 ‚
1675 1750 1714 1774 ae
1727 1735 1862 1782 proprie?
1881 1747 1935 1770 in-

1067 1796 1133 1821 tret
1146 1785 1341 1822 assimilatio
1353 1812 1362 1827 ,
1375 1798 1478 1834 atque
1492 1786 1693 1823 beneficialis
1708 1784 1854 1820 materiae
1871 1782 1932 1818 ad-

1066 1833 1169 1916 }nstar
1181 1859 1191 1874 ‚
1212 1832 1274 1869 ista
1287 1844 1423 1880 quoque
1435 1834 1696 1883 Etnphyteutica
1709 1829 1928 1876 regulanda...

1079 1889 1127 1916 lt.
1153 1883 1197 1915 A.

1109 1932 1154 1963 Λ
1166 1927 1346 1972 dist-49.&
1360 1932 1453 1973 50.de
1466 1928 1712 1976 Emphyteufi&
1724 1928 1757 1962 in
1769 1931 1912 1962 annotat.

1064 2019 1190 2084 EX
1224 2019 1633 2089 CARD.DE
1672 1998 1924 2082 LUCA
1989 2016 2030 2050 ¹³·

1242 2124 1316 2155 DE
1349 2119 1753 2156 EMPHYTEUSI.

1137 2209 1140 2211 ’
1196 2192 1448 2239 Placentina
1462 2188 1778 2257 Emphyteufis
1796 2227 1808 2237 .

1100 2313 1260 2361 Collegio
1273 2315 1305 2349 S.
1314 2274 1810 2366 Brigittai’iiiiissarnabitarum
1823 2312 1897 2348 Pla·

1430 2369 1554 2444 εὲηὲιεξα
1561 2383 1572 2395 .

1291 2459 1456 2506 Capitulo
1470 2456 1682 2495 Cathedralis
1697 2483 1708 2494 .

1159 2532 1345 2579 Responsum
1355 2531 1448 2568 extra*
1462 2533 1591 2568 curiam
1603 2539 1661 2579 pro
1674 2531 1817 2568 veritate
1827 2553 1837 2563 .

1136 2603 1348 2650 Mphyteusis
1372 2602 1596 2638 Ecclesiastica
1605 2613 1648 2637 an
1658 2627 1669 2642 ,
1691 2605 1725 2637 δε
1738 2600 1877 2648 quando
1890 2600 1932 2639 fit

1066 2611 1123 2689 E
1149 2651 1342 2688 transitoria
1351 2651 1396 2686 ad
1407 2649 1552 2686 haeredes
1563 2658 1742 2685 extraneos
1756 2673 1767 2683 .

1113 2703 1168 2734 An
1181 2699 1315 2735 tranfire
1337 2695 1440 2743 poffit
1459 2696 1496 2732 in
1512 2707 1634 2733 manus
1646 2704 1801 2732 mortuas
1821 2694 1864 2731 de
1877 2696 1931 2740 ju·

1065 2756 1100 2782 re
1115 2769 1126 2786 ,
1138 2750 1171 2781 &
1189 2745 1275 2793 quid
1287 2745 1394 2781 hodie
1407 2742 1570 2781 servetur.

1115 2795 1159 2828 Et
1184 2804 1228 2828 an
1243 2791 1416 2838 prohibita
1440 2790 1639 2828 alienatione
1666 2790 1701 2825 in
1723 2788 1904 2825 Ecclesiam
1916 2812 1928 2827 ,

1066 2841 1117 2876 vel
1128 2842 1240 2879 locum
1262 2837 1475 2885 religiosum,
1494 2837 1684 2885 prohibitio
1702 2836 1931 2882 compraehen-

1064 2886 1129 2922 dat
1140 2886 1250 2922 casum
1261 2884 1481 2922 institutionis
1492 2883 1684 2920 universalis
1696 2908 1705 2922 ‚
1718 2883 1777 2918 sub
1788 2891 1856 2927 qua
1871 2890 1927 2916 ac-

1064 2932 1200 2970 cefforie*
1212 2932 1346 2969 veniant
1357 2932 1450 2970 bona
1460 2931 1724 2982 Emphyteutica
1738 2954 1750 2964 .

1283 3012 1786 3053 SUMMARIUM.

1113 3123 1128 3148 1
1155 3111 1253 3154 Casus
1269 3109 1444 3157 quaeslionis
1459 3135 1468 3143 .

1112 3171 1132 3193 2
1159 3157 1376 3204 Emphyteufis
1396 3153 1607 3200 Ecclesiastita
1619 3176 1631 3196 ‚
1653 3162 1712 3187 non
1724 3149 1902 3195 transitor-ta
1916 3149 1958 3185 ad
1967 3159 2024 3184 ex-

1206 3213 1332 3240 traneos
1342 3229 1352 3239 ι

1117 3263 1133 3296 3
1163 3253 1360 3286 limitatur.

1115 3308 1141 3341 4
1164 3299 1318 3332 Dob'lrinae
1329 3296 1514 3342 puniluales
1525 3294 1712 3331 attendendae
1723 3318 1734 3330 .

1119 3356 1136 3386 5
1165 3349 1213 3379 De
1227 3344 1416 3379 amaritate
1425 3341 1619 3386 Decisionum
1628 3348 1712 3386 Rotae
1723 3366 1734 3376 .
1879 3347 1883 3351 '
1960 3382 1966 3388 ι

1117 3394 1142 3428 6
1167 3394 1228 3426 An
1240 3413 1250 3430 ³
1277 3393 1321 3428 (7⁹
1343 3391 1468 3436 quando
1479 3391 1633 3430 Dominus
1643 3390 1780 3426 direntes
1803 3385 1889 3434 poffit
1899 3387 1936 3422 de
1943 3394 2024 3475 [jure

1961 3442 1977 3465 e
