2295 3757
274 111 398 178 286

282 237 365 260 mm¹
382 223 569 269 responsum
583 222 648 259 fnit
659 222 703 259 ad
717 226 744 258 1.
771 223 946 258 Motivum
961 248 969 261 ,
991 223 1060 257 five*
1075 222 1168 264 objc-

284 276 376 307 ctum
392 297 401 310 ,
418 273 525 307 immo
538 270 706 306 confectio
718 270 934 305 lnstrumcuti
946 271 987 306 dc
1001 269 1166 304 loluuone

283 319 480 365 quindennii
496 321 538 354 cll
558 318 720 364 superflua
744 317 878 363 potitiS,
904 320 1008 363 quain
1025 315 1165 351 nect-ila-

282 367 334 402 ria
349 391 358 405 ,
373 368 448 401 cum
462 392 470 406 ,
486 376 522 400 nt
536 369 605 408 jani
619 364 859 399 inlinuavimus
870 387 880 402 ,
891 362 1028 399 aliunde
1042 363 1166 407 proba.-

285 413 312 449 ri
330 416 416 448 valet
438 412 562 448 solutio
576 410 773 458 qnindcnnii
795 413 866 444 tam
880 411 924 445 ad
940 409 1090 444 favorem
1103 411 1165 444 lol-

220 474 258 507 25
288 461 406 498 ventis,
419 463 523 505 quam
540 456 970 502 recipientis,conficiendo
985 456 1103 499 nempe
1118 458 1166 491 lo-

289 519 333 542 co
345 505 552 541 instrumenti
568 505 736 550 apocham
762 503 929 547 privatam
945 504 986 537 de
1004 505 1166 547 receptio-

288 566 328 588 nc
341 579 350 592 ,
375 565 410 588 ut
428 554 469 587 de
498 551 670 586 laudcmio
693 550 841 584 advertit
860 553 967 596 'Niger
980 552 1016 583 de
1028 550 1164 584 laudem.

286 611 360 636 tom.
371 614 381 636 1
393 625 400 634 .
414 602 619 645 qu.43.n.18.
635 597 726 631 unde
741 598 817 631 cum
832 608 948 631 neutra
960 608 997 630 cx
1010 596 1164 638 partibus

220 659 262 692 25
287 648 460 693 gravanda
476 645 514 679 lit
537 645 582 679 ad
598 644 700 678 aliam
721 641 910 678 taciendam
932 642 1164 688 scripturam...

287 694 460 740 praesertim
480 691 649 736 publicam
668 690 714 724 ob
735 689 887 735 sumptus
907 693 939 725 in
959 702 998 724 ca
1016 699 1159 734 erogan-

288 741 353 774 dos
365 765 373 778 ,
384 742 490 785 'Niger
499 740 565 774 loco
574 738 704 772 laudato
717 748 806 780 n.19.
821 739 851 771 in
862 736 924 779 fine
936 762 944 774 ‚
956 736 1041 771 bene}
1054 734 1158 780 lequi-

288 796 353 824 tur,
367 790 460 830 quod
477 795 552 830 pars
563 785 654 819 illam
671 782 777 819 facere
793 784 1073 828 volens,obligare
1089 794 1160 817 non

284 832 387 877 pollit
401 834 447 868 ad
461 831 746 868 contribuendum
767 841 829 876 pro
843 832 957 876 rugitu
970 832 1072 866 aliam
1085 840 1162 875 par-

285 890 354 916 tem
369 878 475 916 facere
489 881 660 914 nolentem
673 903 682 913 .

335 927 417 961 Non
432 930 495 961 111.
520 926 691 961 Motivum
705 949 714 962 ,
729 924 796 959 sive=
810 924 979 968 objestum
992 948 1002 964 ,
1027 923 1108 971 quia
1122 922 1161 958 fi-

287 985 427 1020 gnantcr
440 975 472 1008 in
486 972 764 1018 praejudicialibus
778 997 788 1012 ,
809 972 892 1007 utin
908 970 1054 1017 praesenti
1070 995 1079 1009 2
1103 971 1161 1005 ubi

220 1042 261 1074 27
288 1022 403 1067 agitur
416 1022 456 1056 de
468 1020 727 1058 contribuendo,
741 1031 809 1054 non
820 1029 911 1054 tenet
922 1028 1158 1064 argumentum

217 1066 220 1072 ¹
289 1071 309 1104 a
324 1067 485 1104 fitcultate
499 1067 621 1102 unitim
637 1091 647 1105 ,
674 1077 713 1100 ac
738 1066 945 1109 conjunctim
959 1064 1100 1101 faciendi
1115 1064 1159 1100 ad

286 1115 482 1151 facultatem
496 1114 701 1151 diliunGtim,
715 1124 753 1148 ac
765 1113 897 1148 divisim
912 1110 1068 1151 faciendi,
1080 1112 1160 1146 cum

218 1186 237 1208 2
243 1176 262 1210 3
288 1166 396 1198 multa
411 1172 545 1197 teneant
561 1159 647 1195 flua
660 1161 693 1194 iu
705 1161 888 1198 communi,
899 1172 971 1206 quae
988 1171 1054 1195 non
1070 1169 1159 1194 tene-

288 1221 361 1245 rent
376 1209 463 1245 facta
475 1210 508 1244 in
520 1207 713 1254 particulari
725 1232 734 1246 ,
746 1207 855 1242 immo
868 1208 1061 1251 stringendo
1074 1217 1159 1252 pun-

287 1260 381 1293 ctum
395 1283 404 1297 ,
416 1256 563 1292 dicimus
574 1254 781 1289 contrarium
797 1254 911 1299 potius
925 1253 1013 1299 sequi
1028 1279 1037 1293 ‚
1060 1252 1159 1298 quod

288 1304 412 1339 scilicet
437 1303 693 1338 instrumentum
713 1305 754 1335 de
779 1301 954 1335 communi
976 1300 1158 1345 partium-2

286 1348 444 1387 consensu
460 1359 619 1393 rogatum
633 1372 641 1384 ‚
665 1348 901 1382 communibus
924 1346 1071 1391 expensis
1096 1356 1158 1389 pro

289 1399 484 1433 contributo
507 1395 701 1431 solvendum
717 1395 774 1432 fit,
797 1395 876 1428 illud
904 1398 984 1428 vero
1006 1403 1070 1428 una
1085 1402 1158 1426 tan-

290 1445 364 1481 tum
380 1457 419 1480 ex
433 1444 582 1490 partibus
597 1443 727 1475 volente
738 1466 748 1480 ,
774 1452 840 1475 non
856 1439 1094 1476 communibus
1108 1451 1163 1473 ex-

290 1492 397 1538 pensis
409 1516 418 1530 ,
433 1490 486 1526 sed
501 1488 644 1524 volentis
659 1487 792 1522 tantum
803 1486 996 1521 solvendum
1011 1512 1019 1519 .

339 1539 494 1574 Non'lV.
520 1535 675 1579 Denique
691 1534 863 1568 Motivum
877 1560 885 1574 ,
897 1534 962 1568 five
975 1533 1160 1574 obiectum,

288 1586 368 1633 quia
380 1584 426 1619 ad
440 1583 605 1619 summum
616 1580 698 1615 illud
710 1582 919 1626 procederet,
932 1582 952 1615 li
969 1592 1035 1615 non
1053 1580 1160 1626 super-

287 1632 364 1668 ellet
386 1632 451 1666 alia
471 1631 549 1668 via,
571 1623 627 1673 pe‘r
654 1639 758 1673 quam
786 1626 954 1672 utriusque
980 1627 1160 1673 partisjuri

219 1692 263 1723 29
289 1678 508 1714 consuleretur
521 1701 529 1713 ,
554 1684 653 1718 prout
666 1673 834 1709 mediante
855 1675 986 1718 apocha
1003 1676 1135 1718 privata
1151 1701 1160 1715 ,

288 1726 353 1761 live=
366 1723 553 1770 quietantia
568 1723 610 1758 de
625 1732 759 1768 recepto
772 1745 781 1761 ,
796 1720 893 1762 satis,
908 1721 1068 1768 superque
1081 1734 1162 1758 con-

285 1772 405 1809 sultum
416 1779 565 1808 remanet
579 1795 588 1804 .

263 1888 1089 1940 ARGUMENT'UM.

195 2008 372 2046 Dominus
394 2007 542 2044 dinetus
553 2007 702 2044 creditor
716 2017 837 2042 manus
858 2016 998 2043 mortuae
1010 2006 1044 2042 in
1058 2009 1162 2051 jure>

245 2056 440 2103 quindennii
457 2056 577 2101 liquidi
591 2081 601 2095 ,
615 2056 637 2090 fi
652 2053 745 2090 suum
759 2053 926 2090 creditum
941 2055 1164 2101 quindenum-

243 2106 272 2138 le
287 2103 493 2149 quantunvis
508 2102 674 2148 liquidum
687 2113 744 2136 nec
767 2101 989 2136 amicabiliter
1001 2126 1011 2140 ‚
1037 2113 1096 2136 nec
1109 2103 1160 2143 ju-

246 2151 412 2185 dicialiter
432 2151 478 2185 ob
494 2149 749 2196 praepotentiam
771 2147 915 2192 ejusdem
935 2159 1057 2183 manus
1071 2160 1160 2183 nior-

246 2206 310 2232 tuae
324 2197 497 2232 debitricis
510 2197 637 2241 exigere
653 2195 946 2241 valeat‚nullusque
959 2194 1058 2230 sublit
1069 2194 1160 2230 scan-

249 2244 319 2278 dali
334 2245 436 2279 timor
449 2268 458 2282 ‚
474 2246 610 2291 propria
623 2243 827 2278 auctoritate
841 2255 901 2287 pro
911 2241 1167 2279 satisfactione)

247 2289 296 2326 sni
308 2292 425 2326 crediti
440 2291 526 2326 citra
540 2291 690 2326 animum
715 2291 796 2324 lucri
819 2288 967 2325 faciendi
978 2286 1167 2325 subtrahere

250 2337 358 2382 potest
372 2339 456 2373 citra
468 2335 547 2373 furti
562 2338 680 2373 vitium
695 2361 704 2376 ,
718 2346 851 2372 tantum
866 2337 908 2372 de
921 2338 1019 2371 bonis
1031 2337 1164 2372 mobili-

248 2385 313 2418 bus
323 2384 538 2419 existentibus
562 2385 593 2419 in
607 2383 766 2418 dominio
779 2409 789 2423 ,
816 2388 846 2418 &
859 2383 1053 2428 pofl‘effione
1066 2384 1162 2419 diectae

249 2441 372 2465 manus
382 2440 522 2465 mortuae
543 2431 602 2466 suae
617 2430 789 2466 debitricis
804 2454 814 2470 ,
837 2441 1003 2476 quantum
1016 2428 1164 2467 sufficiat

251 2488 316 2522 pro
328 2480 399 2520 ejus
410 2477 527 2514 crediti
541 2477 790 2523 quindennialis
801 2476 966 2513 solutione
976 2502 986 2515 .

435 2572 937 2609 SUMMARIUM.

255 2678 270 2701 1
299 2667 501 2712 ,Quandoque
518 2678 632 2702 manus
643 2676 765 2703 mortua
788 2675 877 2703 tanta
897 2666 1014 2714 pollere
1030 2666 1172 2715 soletpo-

342 2716 442 2748 tentia
458 2738 466 2752 ,
478 2722 515 2748 ut
525 2717 749 2760 quindennium
755 2715 882 2757 solvere
895 2722 1009 2749 renuat
1022 2738 1032 2747 .

251 2771 272 2794 2
298 2763 450 2796 Dominus
461 2762 616 2799 directus,
629 2759 667 2795 ob
678 2762 912 2806 praepotentiam
922 2771 1034 2796 manus
1046 2771 1175 2799 mortuae

341 2808 563 2854 quindennium
583 2810 709 2852 exigere
732 2809 879 2853 nequiens
891 2832 901 2847 ,
921 2806 982 2852 fibi
989 2810 1173 2854 satisfacere

343 2852 439 2900 potest
448 2855 577 2899 propria
589 2855 780 2888 auctoritate
792 2878 800 2887 .

253 2910 269 2942 3
296 2901 313 2932 I
315 2901 451 2946 mpedita
464 2902 584 2935 anione
597 2899 693 2933 civili
706 2924 715 2938 ,
726 2909 865 2935 remanet
875 2903 955 2936 ac‘tio
968 2903 1127 2938 naturalis
1140 2928 1150 2938 .

249 2957 274 2989 4
298 2949 439 2983 Creditur
452 2946 597 2992 consequi
619 2947 770 2987 nequiens
783 2946 807 2988 f
802 2958 877 2981 uum
889 2950 1035 2984 creditum
1048 2949 1086 2985 ob
1097 2959 1174 2995 prae-

338 2995 511 3039 potentiam
520 2992 573 3036 sui
583 2990 735 3027 debitoris
745 3018 754 3032 ,
772 2993 866 3038 potest
877 2994 1061 3035 subtrahere
1074 2998 1110 3031 de
1119 2995 1173 3032 bo-

339 3052 389 3075 nes
400 3039 551 3075 debitoris
563 3047 689 3074 tantum
701 3062 711 3078 ‚
737 3048 893 3086 quantum
909 3041 1048 3086 sufficiat
1056 3052 1113 3089 pro
1121 3043 1174 3086 sa-

339 3086 520 3129 tisfacflione
533 3111 542 3121 .

249 3143 266 3177 ς
293 3139 487 3178 Recuperare
499 3145 560 3169 non
573 3133 690 3168 valens
707 3135 803 3178 suum
812 3155 823 3172 ‚
844 3143 910 3168 rem
923 3134 1058 3170 alienam
1079 3139 1176 3184 aequi-

340 3180 506 3214 valentem
519 3181 641 3222 sumere
651 3179 746 3225 potest
760 3204 770 3214 .
994 3188 996 3191 ’

247 3230 269 3262 6
296 3226 449 3260 Famulus
474 3225 512 3260 ob
526 3228 655 3262 Domini
673 3228 846 3272 potentiam
864 3227 1011 3276 consequi
1028 3232 1175 3278 nequiens

338 3273 492 3361 salla-rium
506 3296 515 3311 ,
527 3271 600 3308 bene
608 3272 704 3320 potest
711 3271 773 3316 fibi
782 3276 910 3320 propria
923 3279 1111 3314 aubioritate
1119 3278 1172 3322 sa-

340 3328 383 3353 tis
398 3329 486 3353 acere
496 3342 505 3352 .

245 3377 267 3412 7
291 3364 418 3403 Hebrai
430 3368 619 3413 ex.AEgypto
631 3363 702 3412 jure
714 3374 883 3412 potuerunt
887 3367 1051 3417 subripere
1063 3396 1074 3407 .

776 110 812 177 J
815 115 1030 174 oannis
1053 113 1265 194 Lopez
1297 109 1377 174 de
1395 115 1602 176 Leone
1621 158 1636 183 ,

1273 224 1293 257 8
1316 226 1463 272 'Principi
1474 228 1546 261 licet
1557 235 1688 261 movere
1698 222 1827 263 bellum,
1837 227 1964 271 quando
1975 228 2068 264 aliter
2077 228 2200 265 Urbem

1360 272 1381 314 J
1381 284 1454 307 acam
1466 300 1472 312 .
1488 284 1544 308 aus
1558 273 1697 314 Castrum
1710 280 1893 315 recuperare
1905 278 2015 321 nequit
2027 300 2036 308 .

1270 327 1294 360 9
1319 319 1458 359 Censurae
1469 321 1540 355 lata:
1562 318 1799 362 c·011t;·dfio·tum
1821 323 2049 356 committentes
2060 334 2118 358 non
2131 324 2198 370 affi-

1364 368 1452 403 ciunt
1463 370 1645 402 creditorem
1658 366 1841 409 occultesibi
1847 368 2094 410 satisfacientem
2108 394 2116 404 .

1252 422 1293 446 ιο
1321 417 1477 449 Dominus
1486 417 1621 450 directus
1633 414 1739 460 potitis
1759 415 1892 449 retinere
1904 414 1993 450 debet
2002 418 2172 462 pecuniam
2183 443 2194 458 ‚

1366 461 1462 507 qua'm
1479 473 1541 495 rem
1551 461 1796 506 ,equivalentem
1810 486 1817 494 .

1251 517 1264 539 1
1276 518 1287 540 1
1316 509 1422 549 'Nemo
1436 506 1490 552 csse
1501 510 1592 553 pote-„l
1604 506 1721 553 Judex
1734 509 1765 542 in
1781 509 1880 550 Causa
1890 512 2019 556 propria
2034 534 2044 544 .

1252 563 1291 586 12
1319 559 1389 588 Hac
1403 557 1464 589 via
1478 558 1663 589 retineretur
1678 567 1735 588 non
1748 554 1888 591 debitum
1902 566 1958 602 pro
1969 556 2073 592 debito
2084 582 2094 592 .

1249 609 1288 639 ¹3
1318 604 1386 634 Hoc
1401 601 1456 643 cas
1454 613 1473 634 u
1487 603 1621 637 creditor
1636 601 1699 644 sibi
1708 602 1810 644 [olvit
1824 614 1864 638 ex
1873 604 2060 650 praefiimpta
2075 606 2195 641 volun-

1363 656 1430 681 tate
1443 647 1591 682 debito-eis
1606 672 1616 682 .

1246 701 1289 735 14
1313 695 1468 728 Dominus
1478 696 1614 729 directus
1628 694 1701 730 adeo
1711 699 1816 743 inops,
1832 706 1867 732 ut
1879 709 1973 743 agere
1986 707 2122 744 nequeat
2134 707 2194 744 pro

1355 741 1528 782 creditisui
1540 742 1776 787 consequutione
1796 746 2033 790 quindennialis
2044 770 2052 784 ‚
2071 746 2187 788 saltem

1358 789 1390 821 in
1407 786 1496 822 Urbe
1512 786 1572 831 fibi
1581 789 1763 831 latisfacere
1782 794 1891 838 nequit
1912 793 2042 839 propria
2056 795 2197 829 auctori-

1359 843 1425 868 tate
1440 859 1449 868 .

1247 891 1283 922 15
1315 888 1352 917 ln
1368 880 1458 916 Urbe
1477 881 1559 923 adest
1573 885 1783 928 congregatio
1796 886 1827 919 S.
1840 884 1967 931 Juonis
1979 896 2036 934 pro
2044 889 2192 934 pauperi-

1360 927 1420 962 bus
1430 927 1638 974 litigantibus
1651 954 1660 963 .

1249 979 1291 1010 16
1315 979 1446 1010 Arctior
1455 974 1602 1022 pluribus
1613 974 1727 1012 abhinc
1753 979 1844 1013 annis
1862 980 2039 1028 adscriptus
2053 981 2092 1025 esi
2106 983 2192 1017 dittae

1361 1025 1606 1068 congregationi
1621 1048 1630 1056 .

1247 1080 1288 1111 17
1314 1071 1437 1104 Mentio
1463 1069 1629 1111 hono1ifica
1643 1072 2092 1116 Eminentiss.D.Cardinalis
2107 1075 2193 1110 Lau-

1361 1115 1459 1151 rentii
1474 1115 1605 1150 Coi-nni
1618 1142 1627 1150 .

1247 1165 1288 1198 18
1315 1165 1437 1198 Mentio
1458 1165 1580 1209 pariter
1598 1164 1768 1208 honorifica
1787 1172 1881 1209 ΚΛ).
1896 1174 1938 1203 D.
1952 1167 2122 1212 vincentii
2145 1168 2188 1207 dc

1360 1211 1546 1246 Amadoris
1561 1213 1644 1245 olim
1659 1212 1699 1247 de
1715 1213 1873 1249 Manieris
1885 1239 1895 1249 .

1245 1269 1286 1302 19
1316 1260 1470 1292 Dominus
1482 1260 1619 1293 direetus
1631 1258 1668 1293 ob
1676 1260 1776 1301 solam
1787 1263 1927 1306 inopiam
1936 1273 2048 1298 manus
2059 1271 2190 1298 mortua

1354 1303 1414 1348 fibi
1421 1304 1608 1357 satisfacere
1624 1309 1731 1351 nequit
1743 1311 1872 1353 propria
1886 1312 2076 1345 auctoritate
2087 1334 2096 1344 .

1240 1363 1284 1385 20
1311 1356 1347 1386 In
1360 1352 1420 1386 tale·
1430 1353 1501 1394 casu
1515 1351 1607 1397 cesJat
1619 1356 1755 1398 potentia
1767 1367 1879 1390 manus
1890 1366 2018 1391 mortuae
2031 1381 2041 1396 ,
2052 1356 2191 1402 fitque.)

1354 1398 1467 1442 facilis
1480 1398 1518 1439 esi
1530 1402 1620 1446 copia
1630 1398 1766 1445 Judicis
1776 1426 1787 1443 ‚
1802 1405 1842 1437 ad
1854 1402 2054 1439 obtinendum
2059 1404 2081 1448 s
2078 1404 2192 1440 alvia-

1365 1457 1460 1480 num.

1248 1503 1287 1527 21
1318 1493 1377 1528 Vel
1389 1490 1638 1537 associationem.

1247 1553 1289 1575 22
1318 1542 1472 1574 Dominus
1492 1542 1629 1576 diretius
1651 1553 1708 1576 non
1720 1541 1839 1577 habens
1848 1541 2048 1589 probationes
2062 1545 2094 1578 in
2108 1542 2194 1589 judi-

1360 1589 1407 1621 cio
1418 1586 1510 1638 super
1523 1587 1625 1623 debito
1644 1591 1829 1634 quindennio
1843 1614 1852 1629 ‚
1876 1589 1957 1624 certo
1980 1599 2083 1626 tamen
2091 1592 2192 1634 sciens

1361 1634 1441 1668 illud
1452 1633 1509 1674 libi
1521 1634 1625 1670 deberi
1639 1659 1649 1673 ‚
1671 1636 1766 1682 potest
1780 1638 1907 1682 propria
1925 1639 2115 1673 auetoritate
2131 1636 2194 1682 fibi

1359 1680 1542 1724 satisfacere
1555 1706 1563 1715 .

1246 1740 1287 1772 23
1315 1731 1420 1809 'Prgut
1430 1729 1461 1782 iri
1476 1730 1577 1763 eodem
1588 1729 1659 1772 casu
1671 1731 1751 1764 idem
1758 1729 1832 1773 fieri
1842 1731 1915 1767 licet
1928 1732 2118 1777 cuicumque
2128 1742 2195 1765 cre-

1385 1784 1459 1808 ttorz
1476 1799 1484 1808 .

1247 1834 1293 1868 24
1318 1824 1350 1859 Si
1376 1823 1529 1856 Dominus
1542 1822 1679 1858 diretius
1689 1821 1837 1870 passurus
1845 1823 1886 1868 fit
1898 1827 2047 1860 damnum
2059 1835 2167 1859 rerum
2180 1849 2190 1864 ,

1362 1869 1419 1902 vel
1429 1869 1556 1903 honoris
1570 1893 1578 1907 ‚
1589 1871 1683 1915 potest
1691 1871 1944 1915 sibisatisfacere
1957 1896 1966 1905 .

1246 1928 1286 1961 25
1316 1919 1348 1951 Si
1358 1927 1471 1951 manus
1486 1924 1610 1950 mortua
1624 1917 1719 1958 inscia
1731 1942 1739 1955 ‚
1752 1918 1853 1964 postea*
1861 1919 1989 1961 solvere
2000 1917 2085 1952 velit
2101 1918 2193 1964 quin-

1362 1965 1507 1997 dennium
1521 1965 1661 1998 dominus
1673 1965 1809 2000 directus
1821 1965 1901 2000 illud
1913 1968 2047 2011 recipere
2058 1965 2167 2010 nequit
2179 1988 2190 1998 .

1247 2016 1292 2049 26
1316 2008 1449 2047 Debitor
1459 2021 1518 2044 non
1531 2018 1650 2046 tenetur
1663 2010 1713 2046 bis
1717 2013 1847 2056 solvere
1859 2037 1868 2047 .

1383 2105 1846 2140 CAPITULUM
1895 2106 2012 2141 LIX.

1226 2203 1298 2279 A
1308 2199 1429 2236 Rduus
1444 2197 1520 2235 sane
1542 2196 1601 2233 sese
1613 2198 1712 2234 offert
1723 2197 1884 2234 articulus
1905 2198 1938 2234 in
1950 2196 2099 2244 praesenti

1324 2246 1554 2283 discutiendus
1568 2246 1645 2280 cum
1660 2246 1749 2280 euim
1765 2247 1971 2292 quandoque
1982 2256 2105 2281 manus

1227 2304 1364 2331 mortua
1377 2303 1473 2329 tanta
1487 2293 1606 2337 pollere
1629 2291 1733 2327 soleat
1748 2293 1901 2337 potentia
1917 2317 1926 2332 ‚
1953 2304 1989 2328 ut
2001 2292 2101 2340 quin-

1222 2342 1384 2379 dennium
1397 2340 1603 2386 quantunvis
1616 2339 1796 2384 liquidum,
1810 2338 2022 2385 subterfugiis
2034 2338 2096 2373 sol-

1224 2401 1298 2426 vere
1314 2398 1451 2426 renuat,
1464 2398 1524 2421 nec
1541 2386 1710 2421 Dominus
1732 2386 1878 2421 directus
1899 2386 2002 2430 iperet
2012 2386 2097 2421 ami·
2126 2403 2140 2427 1

1227 2435 1379 2472 cabiliter
1390 2460 1399 2474 ,
1412 2445 1469 2469 aut
1481 2433 1681 2475 judicialiter
1691 2433 1905 2469 exactionem
1918 2432 1963 2468 sui
1977 2432 2099 2468 crediti

1228 2481 1477 2530 quindennialis
1491 2505 1500 2520 ‚
1525 2480 1616 2516 unde
1631 2482 1672 2515 ne]
1697 2481 1742 2515 ob
1756 2480 1890 2516 alterius
1910 2479 2102 2525 potentiam

1229 2529 1449 2566 defraudatus
1464 2537 1634 2562 remaneat
1646 2529 1716 2570 jure
1728 2527 1788 2562 suo
1800 2552 1810 2567 ,
1830 2526 1886 2562 sed
1900 2537 2097 2573 opportuno

1231 2576 1504 2614 remedioeidem
1519 2573 1710 2610 consulatur
1725 2600 1733 2614 ,
1756 2574 1836 2609 inde
1849 2576 2074 2619 proponimus
2087 2597 2097 2612 ‚

1229 2623 1328 2672 quod
1345 2622 1517 2658 Dominus
1540 2621 1687 2656 directus
1706 2621 1854 2656 creditor
1874 2632 1994 2656 manus
2009 2632 2098 2656 mor-
2125 2638 2144 2661 2

1231 2681 1296 2707 tuae
1307 2671 1340 2705 in
1351 2672 1420 2712 jure
1431 2668 1628 2716 quindennii
1638 2668 1758 2713 liquidi
1770 2693 1779 2707 ‚
1791 2668 1814 2702 fi
1825 2666 1920 2703 suum
1933 2668 2100 2702 creditum

1229 2717 1467 2764 quindenniale
1491 2715 1636 2761 quanvis
1659 2715 1824 2760 liquidum
1844 2726 1902 2750 nec
1914 2713 2101 2750 amicabili-

1232 2775 1299 2805 ter,
1312 2775 1372 2799 nec
1382 2763 1584 2805 judicialiter
1595 2763 1640 2796 ob
1654 2761 1906 2808 praepotentiam
1920 2760 2100 2804 ejusdem..-

1232 2822 1351 2846 rnanus
1364 2821 1501 2845 mortuae
1514 2809 1685 2844 debitricis
1696 2809 1825 2854 exigere
1842 2811 1950 2843 valeat
1959 2832 1967 2847 ‚
1984 2805 2102 2841 nullus-

1231 2869 1297 2905 que
1312 2857 1409 2892 subfit
1422 2856 1568 2891 scandali
1582 2855 1683 2890 timor
1695 2880 1704 2894 ,
1719 2855 1856 2900 propria
1866 2853 2100 2890 auctoritate)

1232 2917 1296 2951 pro
1308 2902 1532 2939 satisfactione
1554 2902 1601 2938 sui
1625 2902 1745 2938 crediti
1758 2903 1840 2937 citra
1854 2901 2005 2936 animum
2020 2898 2101 2934 lucri

1231 2951 1377 2988 faciendi
1390 2949 1578 2986 subtrahere
1588 2949 1696 2995 potest
1705 2949 1790 2984 citra
1801 2946 1878 2982 furti
1894 2948 1949 2981 viti
1955 2957 2100 2985 unman-

1232 3009 1305 3035 tum
1317 2999 1358 3033 de
1371 2998 1472 3032 bonis
1495 2996 1678 3032 mobilibus
1702 2992 1916 3030 existentibus
1937 2993 1970 3028 in
1990 2993 2102 3028 domi-

1234 3048 1294 3082 nio
1305 3071 1314 3086 ,
1325 3049 1356 3079 δε
1371 3043 1566 3090 possessione
1576 3045 1671 3078 dietae
1685 3052 1803 3077 manus
1815 3049 1956 3074 mortuae
1970 3038 2029 3074 snae
2044 3040 2102 3075 de-

1234 3092 1376 3130 bitricis,
1387 3101 1552 3138 quantum
1564 3088 1709 3126 sufficiat
1720 3099 1780 3134 pro
1790 3088 1859 3130 ejus
1871 3086 1990 3121 crediti
2006 3086 2104 3133 quin—

1234 3139 1399 3175 dennialis
1414 3137 1576 3173 solutione
1590 3162 1598 3175 ,
1621 3137 1759 3181 Burgius
1772 3136 1807 3168 de
1820 3134 1954 3169 laudem.
1966 3143 2056 3180 parte
2072 3145 2103 3168 1.

1231 3188 1393 3232 impteti-9.
1403 3187 1436 3220 in
1446 3186 1543 3220 addit.
1553 3193 1697 3223 num-42.
1710 3180 1843 3216 Berlicb.
1853 3183 1979 3227 praelic-
1996 3189 2104 3226 par.5.

1233 3243 1433 3276 conc.44.n.2
1439 3243 1471 3275 3.
1482 3229 1595 3273 versic.
1609 3229 1801 3263 contrarium
1813 3235 1928 3267 tamen,
1942 3229 2106 3263 Farinacc.

1230 3283 1268 3316 de
1275 3279 1496 3324 furt.qu.174.
1508 3279 1561 3311 n.8
1570 3287 1596 3309 ι.
1605 3283 1675 3319 par.
1684 3275 2002 3317 1.Gratian.difc.269
2016 3284 2106 3316 n.14.

1231 3337 1302 3362 cum
1310 3326 1398 3371 seqq.
1411 3321 1860 3364 Marescott.var.res0l.lib.2.
1875 3331 1964 3366 caim
1975 3333 2026 3364 19.
2037 3330 2104 3354 n-x-

1230 3383 1302 3408 cum
1307 3371 1393 3418 seqq.
1406 3371 1532 3416 cyriae.
1545 3372 1784 3414 contr.428.n.2
1791 3364 2107 3449 3.cumsequsiqui-

2003 3423 2055 3448 em
