2295 3757
234 178 352 244 116

236 290 330 325 tione
353 285 398 323 ad
423 284 565 329 longum
589 288 723 325 tempus
761 292 830 314 non
858 278 972 314 deberi
1006 279 1122 313 laude-

234 337 344 373 mium
359 360 368 375 ,
390 329 482 369 unde
507 328 610 364 ctiam
633 326 689 362 sub
704 326 897 374 supposito,
936 326 1032 372 quod
1058 334 1122 360 nos

235 383 438 420 versaremur
451 378 483 413 in
500 375 669 412 locatione
697 376 739 410 ad
757 377 896 420 longum
911 384 1045 420 tempus
1060 374 1122 408 ad-

238 431 306 468 huc
319 426 498 465 mordicus
511 421 680 459 censemus
693 422 788 456 limili
801 421 910 456 modo
920 422 1123 466 responden-

238 479 324 516 dnm
347 476 388 510 de
404 474 480 520 Iure
495 498 504 511 ‚
530 482 569 505 ac
593 469 625 503 in
652 468 732 505 foro
747 468 993 512 judicandum,
1019 478 1122 515 prout

238 525 324 563 itast
340 522 435 559 ferret
456 518 589 555 occatio
603 542 611 555 ,
634 515 931 563 responderemus,
955 516 1020 552 live
1034 516 1124 560 jndi-

240 582 393 610 caremus
409 594 417 602 .
446 565 769 610 Praetcrquamquod
784 566 828 600 ad
839 564 1006 599 summum
1019 564 1121 599 solat)

166 636 216 661 ιο
243 619 370 658 locatio
393 615 435 651 ad
464 610 666 648 dcc-nmium
689 612 795 658 pollet
818 611 885 647 dici
909 611 952 647 ad
977 614 1121 657 longum

242 675 400 711 tempus,
440 672 509 696 non
530 668 645 694 autem
671 660 803 695 locatio
828 660 870 694 de
892 659 1064 694 novennio
1088 658 1121 691 in

241 711 448 753 novennium
464 733 473 747 ‚
499 719 572 754 quae
596 717 769 752 nunqnam
793 706 926 742 excedit
943 706 1049 750 ipsum
1065 705 1122 739 dc-

240 760 396 799 ccnnium
413 783 422 797 ,
434 755 544 790 immo
560 765 620 789 nec
631 753 712 788 illud
726 753 868 799 attingit
882 778 892 792 ,
905 753 1071 788 =Antonell.
1085 753 1122 785 de

241 801 980 854 temp-legaldib.1.cap.5o.num.23.V.cl.1s'c.de
994 799 1123 844 junem-

238 848 924 904 pbyt.qu.29.nu.5‚Fulginaeodsrabiatde
939 847 1123 881 alienation.

239 903 426 951 qu.1.n.82.
438 898 611 932 ‘Paciondc
623 896 764 931 locat&
780 896 982 939 conduH-cap
996 903 1125 937 4.n.15.

242 949 335 986 unde*
359 958 419 981 nec
435 944 584 982 locatio,
618 941 674 976 nili
698 942 899 978 decennium
924 941 1122 986 attingens,

243 995 369 1033 dicitur
381 995 426 1029 ad
439 995 576 1037 longum
591 998 724 1034 tempus
742 988 776 1024 in
803 989 1033 1033 Portngallia,
1061 998 1122 1022 nec

243 1042 408 1080 alienatio
423 1040 518 1083 juxta
542 1037 761 1072 Ordinationes
773 1039 889 1084 Regias
913 1035 1123 1081 Portugalliae

242 1088 336 1134 lib.4.
350 1090 460 1130 tit.38.
475 1087 504 1120 in
519 1085 672 1130 prmcipio
687 1107 696 1122 ,
729 1084 771 1118 de
783 1095 850 1129 qna
875 1083 1039 1119 carvalho
1054 1082 1124 1118 du

241 1147 380 1183 utraque
392 1142 506 1183 quarta
520 1139 608 1177 parte
623 1142 730 1174 2.nu.3
741 1143 794 1174 24.
808 1132 923 1166 Caldas
932 1133 1074 1176 'Pereyra
1088 1131 1125 1164 de

238 1180 838 1230 junemphyt.lih.4.cap.1-num.24.&
848 1187 1042 1224 capamum.
1050 1189 1062 1211 1
1070 1201 1078 1210 .

291 1235 350 1266 lv.
376 1241 444 1264 non
466 1226 578 1261 obstat
594 1248 604 1263 ,
627 1225 710 1270 quia
736 1226 845 1261 imino
861 1237 901 1260 ex
922 1223 1123 1260 locatione-2

242 1278 349 1315 etiam
371 1277 416 1314 ad
439 1278 579 1319 longum
601 1281 736 1318 tempus
760 1283 830 1307 non
843 1270 983 1307 solvitur
1010 1269 1126 1305 laude-

243 1327 353 1361 mium
368 1337 407 1360 ex
420 1335 462 1359 eo
476 1347 486 1362 ,
510 1319 606 1366 quod
623 1319 755 1354 locatio
771 1317 866 1353 fundi
879 1315 1125 1364 emphyteutici

175 1385 221 1409 22
247 1385 305 1420 per
320 1371 577 1417 emphyteutam
590 1367 658 1402 fieri
674 1366 784 1411 potest
798 1365 882 1400 citrei
895 1362 1125 1400 consensum.»

243 1420 389 1457 Domini
406 1445 414 1458 ‚
431 1418 508 1452 cum
521 1424 682 1461 repugnet
695 1414 902 1459 interpellare
919 1410 1124 1449 Dominum,

241 1480 286 1504 an
303 1483 320 1501 v
345 1467 383 1502 lit
396 1465 536 1512 pra-ferri
553 1465 583 1496 in
596 1461 823 1495 conductione
835 1460 877 1493 rei
890 1458 1056 1508 propriaen,
1080 1457 1125 1492 nex

242 1517 328 1552 alias
340 1515 377 1550 fit
390 1515 466 1560 quis
481 1513 600 1545 eodem
618 1518 770 1552 tempore
788 1507 959 1541 Dominus
975 1506 1124 1549 ejuidem

241 1565 287 1600 rei
305 1590 313 1603 ,
345 1568 373 1597 δι
397 1564 583 1596 conductor
601 1582 607 1592 .
639 1557 749 1599 Niger
762 1556 797 1588 de
811 1555 944 1589 laudem.
959 1552 1124 1600 quast-40·

241 1614 334 1649 artic.
343 1623 355 1644 1
366 1624 394 1644 2.
409 1616 554 1648 num-40.
565 1614 637 1637 tom.
648 1614 674 1636 1.
697 1601 809 1636 Caldas
824 1604 860 1636 de
871 1602 1124 1636 ammonem-

237 1659 738 1708 phytcus'.cap.4o.num.4o.cum
745 1649 814 1696 scq-
825 1652 868 1685 (φ
882 1659 1028 1692 num-50.

172 974 215 998 21

300 1768 963 1828 ARGUMENTUM.

147 1896 351 1943 Acqnirente
364 1889 613 1940 emphyteufim
636 1887 681 1924 ad
695 1886 800 1922 vitam
813 1886 946 1921 tantum
956 1912 965 1927 ,
984 1886 1122 1931 postea-

199 1957 264 1991 que
282 1942 499 1988 Religionem
511 1936 654 1983 ingresso
668 1961 677 1975 ‚
702 1934 889 1970 transeunte
909 1934 1119 1983 emphyteusi

192 1991 227 2028 in
241 1985 542 2027 M011asterium,in
557 1996 630 2030 quo
641 1982 865 2027 emphyteuta
876 1981 1120 2017 Proteislonem

194 2038 303 2074 emifit
319 2063 329 2078 ,
358 2048 399 2072 ex
413 2033 551 2081 persona
562 2029 706 2074 ejusdem
720 2027 881 2063 Monachi
893 2054 902 2068 ‚
925 2029 1059 2064 interim
1072 2039 1121 2065 te·

200 2095 294 2122 netur
304 2085 397 2122 idem
407 2079 651 2118 Monasterium
664 2078 708 2113 ad
722 2075 942 2123 Qndennia
955 2101 965 2111 .

370 2173 886 2215 SUMMARIUM.

202 2286 218 2310 1
247 2275 482 2322 ,Quindenm'um
493 2270 624 2307 debetur
636 2270 732 2303 etiam
744 2278 783 2302 ex
798 2264 986 2314 emphyteusi
994 2267 1035 2302 ad
1044 2274 1122 2301 tem-

290 2333 347 2370 pus
357 2320 478 2356 tantum
490 2317 624 2363 concessa
636 2341 644 2350 .

200 2382 220 2404 2
250 2370 482 2417 Qtindennium
506 2365 633 2399 debetur
645 2363 739 2398 etiam
759 2373 799 2396 ex
810 2361 1001 2408 emphyteusi
1013 2363 1054 2397 ad
1065 2362 1123 2397 vi-

292 2428 357 2453 tam
370 2415 493 2450 tantum
505 2410 637 2456 concessa
654 2435 663 2443 .

203 2475 219 2508 3
247 2468 387 2504 'Pralcns
401 2461 556 2496 articulus
570 2459 608 2501 est
624 2455 846 2501 difficillimus,
871 2454 1044 2504 passimque
1063 2457 1121 2493 im

290 2512 362 2556 foro
374 2511 578 2554 disputamus
595 2530 605 2539 .

199 2570 225 2605 4
249 2558 427 2594 Monachus
448 2565 502 2602 per
516 2550 683 2598 ingressum
705 2552 737 2586 in
756 2551 949 2597 Religionem
962 2573 972 2588 ,
997 2552 1120 2586 dicitur

292 2614 435 2640 mortuus
445 2602 560 2637 mundo
570 2623 580 2634 .
1010 2630 1012 2635 ,

199 2663 216 2697 5
243 2653 364 2698 Religio
387 2649 656 2696 Cappuccinorum
667 2672 675 2686 ,
697 2648 741 2682 (9⁹
763 2647 928 2680 Minorum
943 2644 1126 2687 Observan-

292 2702 374 2736 tium
390 2704 421 2732 S.
433 2696 590 2737 francisci
602 2693 640 2734 eft
650 2696 787 2739 incapax
801 2695 986 2739 acquirendi
1009 2691 1076 2727 ta‘m
1088 2693 1123 2726 in

291 2745 468 2782 communi,
482 2741 578 2789 quam
587 2743 617 2776 in
625 2740 817 2787 particulari
828 2764 837 2773 .

195 2797 222 2830 6
246 2790 462 2840 Emphyteufis
472 2801 531 2824 non
542 2789 651 2832 transit
661 2790 692 2822 in
707 2785 899 2826 Monasieria
913 2788 1077 2833 incapacia
1088 2810 1098 2821 .

197 2852 221 2885 7
246 2841 386 2883 ‘Praescns
397 2837 555 2874 articulus
580 2835 799 2879 intelligendus
828 2832 869 2875 esi
890 2835 922 2868 in
935 2831 1124 2880 emphyteusi

293 2885 475 2931 transitoria
486 2883 584 2918 etiam
593 2883 633 2915 ad
647 2889 813 2915 extraneos
829 2905 840 2915 .

201 2938 222 2973 8
247 2931 464 2982 Emphyteufis
475 2941 534 2965 non
547 2927 726 2975 tranfitpria
740 2929 779 2961 ad
792 2935 977 2967 extraneos,
994 2926 1124 2971 transire

293 2981 403 3029 nequit
431 2980 464 3013 in
477 2974 701 3013 Monachum,
710 2973 818 3017 fitque
843 2986 902 3009 non
922 2978 954 3010 in
965 2973 1124 3015 Monasie.

290 3039 376 3064 rium
391 3052 401 3062 .

202 3089 225 3120 9
250 3074 478 3116 Monaslerium
491 3077 613 3107 tenetur
622 3070 664 3104 ad
676 3067 864 3114 quindennia
878 3066 915 3101 oh
930 3070 1124 3114 incapacita-

292 3132 356 3159 tem
377 3120 444 3157 tam
472 3116 623 3154 Monachi
645 3115 849 3161 emphyteuta
874 3137 884 3153 ‚
911 3115 1007 3162 qua'm
1030 3115 1125 3162 ipsius

295 3167 496 3210 Monasierii.

184 3228 226 3254 ιο
249 3214 464 3262 Emphyteusis
473 3215 514 3249 ad
523 3214 633 3248 vitam
646 3211 764 3246 dicitur
776 3216 924 3256 perpetua
940 3232 951 3243 .

184 3276 199 3300 ι
209 3276 223 3299 1
252 3264 357 3297 ‘Prout
370 3261 446 3295 talis
457 3262 574 3300 dicitur
583 3259 697 3294 locatio
710 3259 751 3292 ad
762 3259 870 3293 vitam
882 3280 891 3289 .

182 3323 197 3346 1
207 3324 225 3347 2
253 3310 384 3347 Locatio
394 3306 544 3342 bonorum
558 3304 697 3348 Ecclefiae
706 3306 746 3340 ad
757 3305 867 3340 vitam
878 3303 1027 3339 locatoris
1039 3325 1049 3343 ,
1068 3312 1125 3338 aut

296 3355 494 3392 conductoris
507 3352 545 3392 eft
558 3351 718 3397 prohibita
731 3375 741 3387 .

182 3417 220 3449 13
250 3403 434 3439 commenda
442 3402 484 3435 ad
496 3400 606 3434 vitam
620 3425 629 3438 ,
641 3400 757 3433 dicitur
769 3406 920 3446 perpetua
929 3422 939 3432 .

181 3463 226 3499 14
247 3449 294 3486 Ob
302 3453 384 3486 vitae
404 3447 656 3484 incertitudinem
668 3454 851 3490 perpetuum
875 3453 1041 3492 reputatur
1050 3453 1127 3482 tem.

293 3497 451 3545 poralitas
465 3506 507 3531 ex
529 3495 643 3528 incerto
651 3494 787 3538 pendens
802 3517 811 3527 .

697 165 960 234 Joannis
984 163 1197 249 Lopez
1229 158 1309 226 de
1326 164 1532 228 Leone
1552 206 1567 234 ,

1215 287 1253 319 15
1282 278 1431 314 Venditio
1454 277 1495 313 ad
1506 279 1614 311 vitam
1626 272 1706 310 vere*
1722 273 1868 309 venditio
1891 272 1932 319 esl
1953 278 1994 312 ad
2002 277 2078 320 suos
2089 278 2159 324 effe.

1331 327 1400 361 tius
1412 351 1420 360 .

1217 375 1259 408 16
1284 372 1500 418 Emphyteusis
1512 376 1553 410 ad
1567 374 1674 408 vitam
1683 370 1763 406 vere*
1776 370 1977 417 emphyteusis
1991 372 2030 414 esi
2045 399 2054 407 .

1217 431 1258 463 17
1286 427 1323 456 ln
1338 421 1527 466 emphyteusi
1542 424 1582 456 ad
1597 422 1703 454 vitam
1718 417 1872 453 Monachi
1882 430 1940 453 non
1950 421 2086 465 penitus,
2100 423 2159 458 vel

1326 469 1438 511 saltem
1449 471 1553 504 nonin
1565 475 1749 515 perpetuum
1758 463 1851 511 cessat
1854 465 1926 511 spes
1933 468 2164 505 devolutionis.

1218 518 1260 552 18
1286 515 1496 561 Aclcffeflum
1509 514 1639 550 debendi
1648 513 1925 560 quindenniasatis
1935 513 1974 556 esi
1988 540 1995 554 ,
2009 515 2090 560 quod
2099 517 2166 555 fal-

1330 572 1392 597 tcm
1405 565 1494 607 emph
1518 561 1609 603 trusis
1633 572 1689 608 per
1702 563 1875 607 quindecim
1896 574 1994 596 annos
2019 561 2038 596 a*
2051 570 2167 599 Mona-

1325 610 1418 652 slerio
1427 611 1481 653 pos
1489 613 1614 645 tdeatur
1624 621 1664 644 cx
1677 609 1803 653 persona
1816 610 1969 644 Monachi
1987 611 2169 655 emphyteu-

1331 665 1369 690 ta:
1384 669 1392 694 ;
1421 657 1510 690 nulla
1524 655 1633 691 habita
1644 655 1878 699 consideratione
1890 659 1931 693 ad
1944 659 2166 694 durationem-2

1331 703 1536 750 emphyteusis
1552 728 1560 737 .

1216 762 1259 794 19
1285 750 1514 791 Monaslerium
1526 752 1562 785 de
1572 758 1627 796 per
1636 751 1669 792 fe
1684 751 1903 799 emphyteufim
1916 755 2049 788 retinere
2059 757 2167 802 nequit

1333 808 1380 833 ut!
1395 810 1508 832 manus
1518 806 1645 832 mortua
1661 822 1670 831 ι

1216 856 1261 880 20
1287 849 1427 891 AEquum
1441 844 1480 888 esi
1500 870 1508 883 ‚
1543 853 1578 879 ut
1593 846 1788 886 quindennia
1800 848 1976 892 solvantur
1986 858 2041 895 per
2056 855 2172 885 Mona-

1328 893 1459 936 sterium
1472 893 1599 928 interim
1617 902 1679 938 quo
1687 900 1744 937 per
1754 894 1836 930 illud
1861 897 2064 944 emphyteusis
2079 896 2173 944 poffi-

1334 943 1425 976 detur
1437 966 1446 976 .

1217 998 1257 1024 21
1286 991 1403 1024 Eadem
1425 988 1543 1024 militat
1574 989 1658 1023 ratio
1686 988 1909 1034 incapacitatis
1935 1003 1976 1026 ex
1995 992 2131 1037 longiori
2154 1018 2168 1032 ‚

1333 1035 1430 1083 qudm
1444 1035 1638 1072 esi-breviori
1649 1044 1788 1082 tempore
1801 1060 1810 1075 ‚
1825 1044 1886 1082 quo
1901 1039 2106 1085 emphyteusis
2119 1053 2168 1075 re-

1333 1093 1452 1119 tinetur
1465 1109 1475 1118 .

1216 1142 1260 1165 22
1287 1131 1518 1172 Monaslerium
1523 1131 1658 1179 singulis
1668 1133 1834 1167 momentis
1844 1129 1970 1167 laborat
1979 1132 2171 1181 impoffibili-

1334 1187 1401 1214 tate
1423 1205 1432 1219 ,
1444 1182 1485 1216 Θ·
1500 1180 1688 1224 difficultate
1699 1179 1861 1214 alienandi
1871 1204 1880 1214 .

1216 1235 1258 1268 23
1287 1226 1368 1261 Bene
1384 1229 1537 1272 arguitur
1547 1228 1577 1261 in
1591 1226 1684 1272 Jure
1695 1226 1736 1262 ab
1751 1228 1916 1262 identitate
1935 1229 2071 1264 rationis
2086 1255 2095 1264 .

1218 1283 1264 1314 24
1289 1275 1452 1310 Rabienus
1475 1276 1608 1311 dedutta
1632 1299 1642 1313 ,
1665 1275 1868 1320 intelligenda
1887 1275 1962 1317 funt
1973 1300 1982 1315 ‚
2005 1276 2170 1313 dummodo

1334 1323 1516 1358 Monachus
1525 1320 1544 1356 a*
1560 1323 1610 1357 die
1621 1320 1821 1366 Profeffionis
1833 1324 1960 1359 vixerit
1972 1322 2060 1360 ultra
2071 1327 2163 1371 quin-

1333 1371 1433 1405 decim
1446 1383 1544 1406 annos
1558 1395 1567 1404 .

1217 1423 1258 1457 25
1288 1416 1323 1451 Si
1336 1419 1517 1453 Monachus
1537 1416 1736 1463 emphyteuta
1750 1419 1876 1454 decedat
1889 1417 1973 1456 intra*
1988 1420 2170 1465 quindecim

1332 1477 1440 1500 annos.
1455 1475 1530 1501 tunc
1541 1464 1768 1506 Monasierium
1780 1477 1834 1500 nec
1845 1474 1969 1501 tenetur
1981 1469 2022 1502 ad
2027 1469 2169 1513 primum

1332 1514 1557 1560 quindennium
1569 1539 1576 1552 ‚
1600 1511 1670 1547 cum
1684 1511 1819 1547 nondum
1834 1514 1959 1548 venerit
1983 1522 2106 1559 tempus
2119 1514 2171 1555 so-

1333 1562 1486 1602 lutionis,
1511 1563 1555 1596 ύ-
1574 1569 1628 1602 per
1639 1559 1823 1606 consequens
1853 1561 2007 1595 Dominus
2030 1563 2168 1596 direbius

1333 1620 1390 1643 non
1403 1608 1443 1651 fit
1456 1609 1589 1643 creditor
1599 1608 1783 1653 quindennii
1793 1631 1802 1646 ,
1819 1607 1874 1652 nisi
1881 1606 1946 1652 post
1957 1607 2168 1655 purificatam

1331 1658 1539 1692 conditionem
1550 1681 1559 1689 .

1215 1702 1260 1734 26
1284 1702 1318 1737 Si
1328 1704 1511 1738 Monachus
1523 1700 1724 1749 emphyteuta
1733 1700 1819 1737 intra*
1827 1704 1948 1748 primos
1969 1705 2169 1747 quindecim-2

1330 1762 1428 1785 annos
1443 1761 1498 1797 per
1509 1754 1603 1786 viam
1618 1750 1776 1784 nullitatis
1783 1749 1849 1793 suae
1861 1749 2059 1794 ‘Profeffionis
2073 1753 2169 1793 disce-

1331 1800 1388 1833 dat
1400 1796 1418 1831 d
1431 1799 1614 1844 fflligiom,
1647 1809 1706 1831 non
1722 1794 1851 1832 debetur
1862 1801 2003 1844 primum
2018 1800 2170 1845 quinden-

1332 1847 1421 1879 nium
1434 1856 1490 1892 per
1500 1843 1730 1884 Monafierium
1746 1869 1754 1877 .

1215 1900 1260 1932 27
1287 1893 1419 1936 Etiamfi
1436 1893 1615 1927 Monachus
1634 1891 1856 1936 perseveraret
1877 1891 1967 1929 ultra*
1984 1893 2165 1940 quindecim

1334 1952 1431 1974 annos
1442 1943 1473 1973 in
1486 1940 1648 1984 Religione
1662 1962 1672 1972 .

1214 1985 1260 2019 28
1286 1991 1397 2021 Stante
1411 1986 1563 2021 nullitate
1584 1982 1802 2028 Profeffionis‚
1827 1984 1910 2021 bona
1921 1996 2084 2035 nunquam
2095 1988 2170 2033 fuc-

1330 2042 1406 2068 runt
1417 2045 1530 2068 manus
1542 2042 1673 2067 mortuae
1683 2055 1694 2067 .

1213 2089 1258 2122 29
1284 2077 1362 2116 Tam
1374 2081 1570 2118 Monachus.
1596 2077 1694 2126 qua'm
1705 2079 1934 2123 Monasierium
1958 2082 2094 2119 retinere
2114 2093 2173 2118 ne-

1331 2137 1450 2174 queunt
1463 2125 1684 2173 emphyteusim
1697 2150 1706 2159 .

1213 2183 1260 2217 30
1283 2174 1365 2210 Sive*
1376 2173 1565 2218 confiderata
1578 2174 1788 2217 incapacitate
1802 2175 1957 2210 Monachi
1971 2200 1980 2214 ‚
1999 2174 2074 2219 sive
2086 2177 2168 2214 illa-³

1337 2220 1524 2258 Monafterii
1535 2245 1545 2260 ,
1554 2220 1673 2266 semper
1689 2231 1808 2255 verum
1822 2220 1862 2262 esl
1876 2245 1886 2260 ‚
1908 2225 2009 2258 teneri
2021 2225 2063 2259 ad
2075 2226 2172 2266 quin-

1332 2270 1445 2305 dennia
1459 2266 1685 2308 Monaslerium
1701 2275 1760 2313 pro
1771 2276 1930 2311 tempore,
1950 2280 2016 2316 quo
2041 2269 2168 2316 poffidet

1335 2315 1556 2363 emphyteusim
1567 2339 1578 2349 .

1218 2377 1259 2412 31
1288 2363 1468 2401 Monachus
1498 2361 1718 2408 emphyteuta,
1739 2371 1797 2410 per
1805 2362 1975 2411 ingreffum
1988 2365 2166 2412 Religionis

1334 2424 1393 2446 non
1402 2411 1523 2446 amittit
1533 2409 1753 2456 emphyteusim
1767 2435 1779 2446 .

1216 2471 1233 2506 3
1242 2473 1260 2496 2
1286 2464 1365 2506 Non
1377 2459 1484 2501 desunt
1499 2459 1650 2492 notiores
1659 2465 1797 2492 tenentes
1810 2484 1819 2499 ‚
1841 2461 1936 2495 etiam
1947 2461 1980 2495 in
1990 2460 2064 2502 casu
2076 2486 2085 2501 ‚
2101 2470 2165 2506 quo

1333 2506 1538 2553 emphyteusis
1545 2503 1585 2547 sit
1599 2506 1640 2539 ad
1654 2506 1764 2540 vitam
1775 2507 1930 2542 Monachi
1942 2531 1952 2545 ‚
1966 2506 2069 2543 adhuc
2079 2515 2163 2542 tene-

1332 2554 1362 2588 ri
1373 2551 1596 2594 Monaflerium
1608 2552 1747 2587 vendere
1757 2553 1976 2599 emphyteusim
1985 2579 1994 2588 .

1215 2612 1233 2646 3
1241 2613 1256 2647 3
1285 2598 1424 2644 Alidssi
1435 2597 1664 2640 monasterium
1677 2599 1734 2633 hoc
1744 2599 1816 2642 casu
1830 2602 1964 2637 retinere
1972 2599 2068 2647 posset
2082 2625 2092 2641 ,
2107 2613 2168 2636 non

1333 2645 1405 2693 esset
1413 2657 1531 2683 verum
1541 2673 1550 2688 ,
1561 2646 1642 2681 illud
1656 2645 2024 2693 emphyteufimtvendere
2047 2650 2146 2688 teneri
2161 2673 2170 2683 .

1310 2741 1782 2778 CAPITULUM
1832 2743 2025 2779 XXXII.

1257 2838 1428 2885 Ostquzim
1442 2836 1593 2874 vidimus
1604 2835 1700 2884 supriz
1711 2836 1745 2871 in
1756 2841 1832 2886 Cap.
1848 2839 1960 2875 XXII·
1972 2836 2072 2883 quin-

1269 2886 1430 2922 dennium
1455 2885 1568 2921 deberi
1595 2884 1698 2920 etiam
1721 2896 1761 2919 ex
1785 2885 1994 2931 emphyteufi
2022 2884 2069 2920 ad
2097 2896 2113 2920 1

1191 2943 1325 2980 tempus
1341 2933 1478 2968 tantum
1499 2931 1651 2968 concessa
1670 2956 1682 2971 ,
1715 2931 1902 2968 videndum
1926 2930 2037 2967 modo
2057 2955 2068 2970 ‚
2097 2944 2115 2966 2

1190 2979 1438 3028 quindennium
1463 2979 1577 3016 deberi
1597 2979 1702 3015 etiam
1722 2991 1763 3014 ex
1784 2978 1993 3025 emphyteufi
2023 2976 2070 3013 ad

1192 3028 1300 3065 vitam
1315 3027 1447 3063 tantum
1459 3050 1469 3066 ‚
1495 3031 1528 3062 &
1543 3026 1587 3062 fic
1597 3026 1642 3062 ad
1655 3036 1786 3062 certum
1800 3036 1933 3070 tempus
1949 3028 2069 3061 Mona-

1189 3075 1245 3112 chi
1264 3102 1274 3117 ,
1296 3074 1355 3123 qui
1378 3072 1531 3120 profesto
1554 3073 1715 3110 articulus
1737 3070 1960 3107 difficillimus
1987 3072 2034 3107 est
2057 3096 2069 3112 ,
2096 3084 2113 3117 3

1190 3122 1379 3170 paffimqne
1393 3122 1428 3158 in
1441 3120 1518 3157 foro
1531 3120 1754 3166 disputandus
1767 3143 1778 3152 .
1804 3121 2067 3154 Veruntamen-2

1190 3171 1258 3206 alia
1267 3182 1307 3207 ex
1321 3179 1416 3217 parte
1426 3168 1626 3216 superfluam
1640 3165 1768 3200 viderer
1780 3164 1912 3211 ingredi
1928 3166 2071 3203 Provin-

1190 3217 1279 3254 ciam
1293 3242 1303 3257 ‚
1328 3216 1423 3263 quafi
1436 3214 1535 3261 quod
1558 3211 1779 3258 emphyteuta
1793 3213 2005 3259 Religionem
2019 3213 2072 3249 in-

1189 3263 1361 3310 grediente
1375 3261 1528 3296 videatur
1541 3257 1708 3294 evanuisse
1723 3284 1732 3299 ,
1759 3270 1800 3296 ac
1821 3260 1978 3307 expirasse
1999 3274 2070 3298 em-

1192 3308 1366 3358 phyteufis
1389 3307 1432 3342 ad
1445 3306 1550 3342 vitam
1571 3306 1733 3342 duratura
1748 3331 1759 3346 ‚
1786 3307 1863 3343 cum
1880 3309 2070 3345 Monachus
2093 3320 2117 3353 4

1193 3369 1251 3401 per
1264 3354 1492 3401 ingreffum,&
1510 3350 1750 3389 Profeffiouem
1764 3354 1897 3392 dicatur
1912 3366 2069 3392 mortuus

1193 3402 1335 3441 mundo,
1337 3401 1412 3446 glos
1409 3425 1417 3435 .
1423 3400 1445 3442 s
1443 3402 1561 3435 ecunda
1572 3401 1605 3434 in
1616 3400 1803 3437 Lintercedit
1816 3417 1829 3447 5
1839 3401 1946 3450 8-ff-de
1956 3405 2073 3440 condit.

1193 3452 1238 3486 cr
1251 3447 1448 3493 demonstrat.
1457 3445 1512 3484 sed
1522 3457 1574 3487 res
1587 3458 1656 3493 non
1665 3447 1715 3487 ita
1725 3448 1754 3486 se
1763 3449 1868 3489 habet
1877 3476 1888 3493 ,
1909 3450 1986 3485 cum
2000 3448 2068 3488 sola

1935 3507 2029 3532 mors
