2295 3757
202 136 317 222 158

212 250 259 288 ad
272 248 518 296 quindennium
535 272 547 288 .
572 247 655 293 quia
683 248 776 283 sicuti
800 258 840 282 ex
855 244 1104 291 approbatione

216 296 422 334 venditionis
434 308 503 332 non
520 295 668 331 censetur
686 294 852 330 remilium
869 291 1075 328 latrocinium
1093 316 1104 332 ,

216 344 266 382 ita
279 345 391 380 multo
412 344 523 379 minus
538 342 662 388 poterit
687 340 803 377 censeri
819 341 986 376 remilium
1005 337 1106 385 quin-

225 392 386 429 dennium
408 403 464 437 per
489 400 714 436 receptionem
741 388 839 433 primi
863 386 1020 422 landemii
1037 411 1046 425 ‚
1070 388 1104 420 δε

225 440 307 486 quia
319 438 493 475 inducitur
506 438 643 482 quidem
663 448 702 470 ex
720 435 783 470 hoc
799 433 1003 481 approbatio
1027 443 1103 468 ven-

220 486 365 524 ditionis
381 484 493 520 favore
509 494 628 518 manus
646 492 798 523 mortum,
816 487 845 516 ὰ
861 480 1009 516 remissio
1022 480 1104 523 juris

222 531 444 580 compellendi
460 541 598 565 uranum
614 539 785 564 mortuam
799 528 843 564 ad
859 529 1077 563 relaxandum
1094 552 1104 567 ,

173 595 196 632 9
222 581 276 619 seu
297 579 488 629 ponendum
503 578 749 623 emphyteusim
766 577 799 611 in
814 586 934 610 manus
951 585 1074 610 vacuas
1089 598 1098 612 ,

222 642 292 666 non
317 637 428 662 antem
443 626 522 670 quin
541 624 711 659 Dominus
736 623 838 668 poffit
852 634 961 670 petere
986 621 1098 656 futura

221 672 444 724 quindennia,
459 681 496 706 nt
510 673 662 717 praeclare*
677 671 718 706 de
733 682 827 706 more
843 669 1004 714 ponderat
1018 676 1098 710 Rom

222 723 356 760 con-loco
366 718 631 762 citato‚verficulo
642 719 713 754 hinc
725 727 820 763 patet,
836 720 867 752 in
879 718 1105 758 medio‚C.1pon.

223 772 288 806 Ioco
300 771 395 803 citato
409 765 639 810 nu.34.infinc,
650 765 806 808 versiculo
822 775 920 810 quare
934 764 1012 797 idem
1026 767 1105 795 Bur-

221 819 297 863 gius
313 813 429 860 3quod
443 813 612 856 objectum
635 815 679 847 ad
698 810 862 846 stnnnnnn
886 808 1081 853 procederet
1094 831 1104 846 ,

225 862 366 909 quando
381 860 553 895 Dominus
565 861 709 894 dircffiis
731 858 839 892 statim
855 858 925 900 poli
941 854 1106 890 venditio-

226 920 302 945 nem
318 907 441 944 Ειᾶαιῃ
456 906 574 950 recipit
590 918 715 941 novum
728 904 916 939 Dominum
939 902 1054 937 utilem
1070 900 1105 935 in

229 955 489 1002 emphyteusim,
504 952 580 988 cum
594 963 673 988 tunc
685 951 744 987 fibi
759 951 951 997 ptaejudicet
965 950 996 984 in
1009 947 1109 995 quin·

230 1003 348 1040 dennii
362 1001 535 1038 cxaffione
551 1026 560 1040 ‚
573 1012 640 1035 non
657 1000 749 1039 vero,
762 998 902 1044 quando
915 1005 927 1038 ς
942 1006 978 1031 ut
989 997 1021 1030 izi
1032 993 1108 1030 casu

164 1070 208 1098 10
232 1049 374 1094 nostro)
389 1047 578 1093 simpliciter
591 1046 752 1082 consensit
769 1070 778 1084 ,
799 1045 875 1079 cum
889 1054 970 1079 tunc
982 1039 1108 1078 censea-

233 1107 288 1133 tur
312 1095 499 1134 conseniiss'e
524 1094 618 1131 [alvis
640 1093 703 1129 inis
737 1092 863 1135 juribus
887 1089 1109 1126 Dominicali-

231 1145 310 1182 bus,
324 1145 532 1191 petitumque
546 1142 691 1188 primum
709 1140 915 1175 laudemium
930 1138 1015 1173 citra
1032 1148 1109 1181 prac-

231 1191 399 1236 judicium
412 1190 600 1226 futurorum
614 1187 871 1226 laudemiorum,
883 1185 934 1220 seu
947 1184 1112 1231 quinden-

230 1238 380 1277 niorum,
401 1244 515 1284 capon?
528 1237 594 1272 loco
606 1236 744 1281 allegato
760 1246 814 1268 nu.
828 1244 883 1278 34.
895 1236 926 1268 in
935 1232 1109 1278 principio,

231 1285 389 1331 versiculo
402 1285 565 1331 respondeo
577 1285 657 1318 enim
668 1280 766 1326 primo
779 1306 788 1315 .
1076 1322 1084 1330 .

281 1339 363 1380 Qa
377 1334 550 1368 occasione
565 1341 626 1376 pro
640 1328 862 1364 terminorum
885 1324 1109 1369 intelligentia

236 1377 408 1416 sciendum
422 1380 465 1414 est
480 1403 488 1417 ‚
504 1376 595 1413 aliud
605 1375 664 1411 effe
675 1375 816 1421 recipere
829 1384 954 1408 novum
967 1371 1110 1417 emphy-

237 1431 415 1467 teutam,&
431 1425 524 1461 aliud
539 1422 726 1467 (impliciter
740 1418 920 1456 consentire
935 1419 968 1454 in
984 1430 1113 1455 novum

237 1476 497 1521 emphyteutam
510 1497 519 1511 ,
534 1470 691 1515 recipitur
712 1469 800 1503 enim
811 1491 822 1507 ,
846 1467 988 1512 quando
1003 1477 1115 1501 novus

236 1523 461 1570 emphyteuta
473 1513 683 1563 recognoscit
705 1515 737 1549 in
753 1513 966 1553 Dominum,
993 1513 1116 1549 Domi-

237 1580 322 1605 num
337 1569 504 1604 nireftum
515 1590 524 1604 ‚
539 1563 593 1598 cui
607 1561 704 1597 solvit
717 1561 923 1596 landemium
937 1563 970 1596 in
983 1561 1114 1607 signum

239 1614 504 1663 recognitionis,
526 1609 719 1656 simpliciter
741 1609 820 1644 vero
840 1610 1009 1643 Domitius
1029 1607 1115 1643 dire-

246 1666 322 1700 ctus
334 1661 498 1699 consentit
511 1660 545 1693 in
560 1668 686 1692 novum
700 1656 958 1702 emphyteutam
969 1679 979 1694 ,
1006 1667 1115 1702 qnan-

235 1712 285 1747 do
297 1722 364 1746 non
378 1718 474 1745 curat
488 1706 516 1743 se
531 1702 725 1750 recognosci
740 1702 774 1737 in
788 1702 979 1737 Dominum
991 1704 1008 1737 a
1024 1714 1115 1737 novo

235 1759 458 1805 emphyteuta
473 1781 483 1795 ,
511 1752 567 1788 sed
588 1749 752 1788 consentit
766 1748 887 1794 absque
902 1750 1016 1795 aliqua
1030 1748 1116 1785 solu·

234 1806 332 1841 tione
348 1799 619 1845 laudemii,quod
632 1797 762 1843 primus
778 1795 1000 1843 emphyteuta
1013 1795 1116 1833 trans.

236 1852 322 1889 ferat
344 1852 378 1887 in
392 1852 495 1886 airum
508 1845 754 1892 emphyteusim
768 1868 778 1883 ,
800 1844 841 1877 ne
861 1843 945 1878 alias
961 1843 1117 1879 videatur

167 1915 211 1946 ῃ
239 1900 361 1936 contra
380 1896 515 1944 propria
529 1892 716 1928 commoda
729 1890 879 1925 laborare
896 1915 905 1930 ,
927 1889 1004 1936 quis
1026 1891 1116 1926 enim

238 1945 388 1983 censetur
413 1938 605 1979 consensum
641 1937 789 1982 praestare
816 1935 906 1971 salvo
925 1947 1118 1972 remanente

237 1994 297 2031 suo
310 1995 379 2037 jure
395 2015 406 2032 ,
418 1992 528 2036 Niger
540 1989 576 2022 dc
589 1985 724 2021 laudem.
738 1983 841 2030 quaesi.
859 1996 914 2028 27.
927 1995 1071 2030 num.27.
1087 1987 1120 2020 in

235 2041 299 2084 fine
312 2050 387 2076 tom.
407 2051 441 2074 2.

288 2087 415 2123 Nostra
430 2082 574 2130 denique
588 2077 783 2128 principalis
797 2075 955 2113 resolutio
978 2078 1096 2114 melitis
1109 2105 1118 2120 ,

242 2146 303 2170 nec
324 2145 392 2169 non
412 2131 541 2167 faci'tius
557 2127 698 2164 intrabit
709 2126 743 2161 in
762 2123 838 2160 casu
852 2126 985 2161 alterius
1001 2137 1119 2161 mamis

176 2193 218 2218 32
243 2190 382 2216 mortuae
398 2177 555 2214 Dominae
569 2172 766 2211 dimerse-‚cui
783 2172 988 2217 praejudicari
1005 2174 1120 2220 nequit

245 2228 280 2264 in
299 2225 511 2274 quindenniis
532 2221 652 2257 futuris
677 2231 736 2267 per
761 2219 850 2255 iuius
870 2220 1122 2255 administrato·

247 2273 384 2313 rem,feu
399 2274 575 2307 Restorem
589 2280 650 2314 pro
664 2267 1013 2312 tempore,Capon.loco
1024 2273 1121 2303 citato

248 2333 336 2356 num.
341 2330 394 2365 34.
406 2320 438 2353 in
450 2319 548 2353 medio
560 2343 569 2357 ‚
591 2315 678 2357 vers.
689 2314 850 2360 respondeo
857 2314 989 2356 secunaox
1002 2339 1014 2348 .

297 2373 365 2402 Pro
378 2365 538 2401 coronide
556 2361 694 2408 superest
706 2360 905 2397 difficultas.
920 2363 1001 2405 quid
1014 2362 1128 2400 dicen-

252 2415 335 2450 dum
345 2413 380 2448 in
393 2410 467 2450 casu
481 2435 491 2450 ,
510 2423 580 2456 quo
593 2419 713 2444 manus
728 2416 862 2442 mortua
875 2408 1025 2444 immina
1040 2411 1127 2447 dire-

254 2464 310 2498 sta
324 2458 529 2497 laudemium
541 2457 696 2501 reciperet
707 2456 749 2489 ab
760 2458 856 2489 altera
869 2466 969 2489 manu
988 2467 1125 2494 mortua

251 2508 404 2544 Domina
417 2505 490 2541 utili
506 2531 514 2543 ,
536 2507 568 2539 &
592 2501 752 2537 censerem
766 2526 775 2540 ‚
804 2512 871 2535 non
895 2502 974 2536 inde*
999 2502 1123 2540 saetam

253 2565 412 2602 capacem
427 2553 472 2588 ad
484 2549 693 2586 retinendum
713 2547 1023 2594 emphyteusim,sed
1038 2551 1124 2587 bene}

255 2601 335 2648 cogi
345 2600 432 2648 posse
443 2602 487 2635 ad
500 2595 731 2633 evacuandum
744 2621 752 2634 ‚
767 2595 788 2629 fi
807 2595 961 2634 Ecclesia,
979 2598 1028 2631 vel
1042 2610 1130 2642 quae-

255 2659 402 2694 cumque
423 2656 545 2682 manus
557 2653 692 2678 mortua
714 2642 840 2677 diresta
852 2641 1003 2677 Domina
1029 2645 1129 2685 velit,

255 2696 412 2742 nolitque
428 2693 567 2739 recipere
580 2689 824 2736 quindenuium
839 2700 878 2723 eo
892 2713 900 2727 ‚
917 2688 1012 2734 quod
1026 2701 1130 2727 manu

252 2751 401 2781 mortua,
415 2739 483 2774 five
496 2749 535 2774 ea
549 2739 589 2772 fit
600 2734 898 2782 Ecclcfia‚aiiusqne
913 2735 991 2770 Pius
1007 2737 1131 2779 Locus,

189 2801 231 2837 13
258 2789 325 2825 five
344 2785 590 2822 Communitas
606 2808 616 2822 ,
640 2794 696 2828 per
720 2783 941 2829 receptionem
972 2785 1131 2821 laudemii

257 2847 330 2872 non
351 2832 462 2881 potest
487 2831 545 2867 fibi
560 2830 772 2877 praejudicare
795 2828 916 2874 absque
940 2828 1131 2868 solemnita-

255 2882 349 2920 tibus
362 2905 374 2916 .

237 2992 1045 3050 ARGUMENTUM.

170 3115 426 3163 Qndennium
449 3109 647 3150 solvendum
670 3107 716 3144 est
730 3105 886 3143 Domino
904 3107 1054 3149 directo,
1081 3109 1134 3147 seu

219 3162 385 3200 mediato,
399 3173 467 3197 non
480 3159 560 3197 vero
571 3156 727 3193 Domino
739 3154 939 3190 immediato
951 3154 1136 3193 subalterno

221 3207 464 3245 subinvestienti
480 3232 490 3247 ,
515 3205 566 3241 seu
580 3200 943 3249 subemphyteuticanti
956 3226 966 3241 ,
996 3203 1137 3247 quando

224 3254 354 3301 primus
368 3254 587 3298 emphyteuta
607 3247 929 3296 subemphyteuticat
942 3272 953 3290 ,
965 3246 1016 3283 scu
1031 3247 1138 3286 subin-

226 3299 323 3336 vestit
335 3309 473 3336 manum
485 3307 654 3336 mortuam
664 3321 675 3333 .

683 132 936 204 Ioannis
969 131 1181 216 Lopez
1211 127 1292 194 de
1311 129 1547 201 Leone,

1402 287 1909 327 SUMMARIUM.

1213 395 1228 421 1
1260 387 1497 434 ,Qaeindennium
1509 387 1696 430 solvendum
1716 384 1755 428 esi
1772 385 1903 420 Domino
1917 383 2032 418 diretta
2044 406 2054 423 ‚
2078 393 2138 416 non

1303 435 1382 469 vcrox
1394 436 1526 470 Domino
1535 435 1712 477 jub-alterno
1732 431 1973 475 liuhirivelt'ienti
1987 455 1997 464 .

1213 492 1233 515 2
1259 487 1322 517 Per
1337 488 1451 524 Rotam
1466 484 1633 523 antiquam
1648 506 1656 518 ,
1679 484 1719 515 (7-
1733 483 1910 513 modernam
1922 476 2114 520 tentumfuit
2129 500 2140 514 ,,

1305 528 1383 574 quoa
1397 529 1589 562 [audentium
1602 527 1748 562 aebeatur
1758 528 1890 562 Domino
1914 526 2030 559 directo
2039 549 2048 563 ,
2074 535 2135 557 non

1304 575 1377 607 utili
1389 599 1397 606 .

1209 630 1225 663 3
1256 620 1490 665 Qiindcnnium
1506 622 1536 654 in
1550 621 1652 656 locum
1667 623 1815 658 laudemii
1829 619 1969 656 debitum
1985 642 1994 656 ‚
2009 616 2139 652 debetur

1303 669 1331 700 ei
1344 691 1355 719 ,³
1367 677 1420 712 qui
1444 665 1482 708 cst
1494 666 1596 711 major
1607 692 1615 706 ‚
1625 668 1679 710 feu
1688 670 1850 716 supremus
1866 669 2020 702 Dominus
2033 688 2044 700 .

1213 724 1236 756 4
1262 717 1442 748 Dominitim
1453 714 1530 747 utile
1543 716 1686 759 dependet
1700 716 1719 751 d
1735 716 1878 752 Dominio
1890 715 2004 748 direc‘to
2020 737 2030 746 .

1213 771 1228 803 5
1258 768 1388 797 Primus
1401 759 1601 805 emphyteuta
1627 769 1789 809 nunquam
1803 764 1863 797 dici
1875 759 1968 808 poteli
1984 759 2139 794 Dominus

1305 810 1438 842 duecius
1462 807 1594 853 respee'tu
1616 807 1744 851 secundi
1755 833 1765 843 .

1211 858 1233 890 6
1259 856 1357 890 Sicuti
1370 855 1527 889 [audemia
1551 857 1683 900 recipere
1695 855 1733 898 esi
1753 857 1788 890 de
1803 852 2045 891 dominicalibus
2060 877 2070 893 ,
2092 849 2141 887 itd

1306 903 1491 947 quindennia
1515 903 1648 948 recipere
1663 926 1671 935 .

1212 960 1234 992 7
1261 951 1419 998 Secunaus
1434 948 1632 993 emphyteuta
1647 948 1786 983 alienans
1798 948 2018 995 emphyteufim
2030 973 2038 987 ‚
2053 948 2141 982 cadit

1307 994 1327 1029 ci
1351 994 1485 1040 piresuo
1498 997 1529 1029 in
1542 998 1735 1031 commodum
1746 996 1862 1030 domini
1880 997 2008 1036 direeii,
2034 1007 2094 1030 non
2107 995 2141 1028 in

1308 1046 1502 1076 commodum
1520 1044 1614 1088 primi
1634 1043 1836 1090 emphyteutae
1850 1067 1860 1076 .

1215 1092 1235 1125 8
1261 1095 1340 1134 'Non
1349 1088 1479 1129 l'olvens
1495 1094 1644 1125 Canonem
1659 1115 1668 1130 ‚
1689 1092 1808 1125 amittit
1819 1088 2040 1136 emphyteusim
2052 1089 2083 1123 in
2089 1087 2145 1133 fa-

1312 1146 1427 1171 vorem
1441 1138 1550 1171 άίνεὲἶὶ
1560 1139 1687 1172 Domini
1701 1162 1710 1171 .

1217 1196 1239 1228 9
1264 1184 1394 1221 Primus
1408 1183 1606 1230 emphyteuta
1618 1185 1695 1220 utile
1714 1182 1837 1220 tantum
1859 1183 2030 1220 dominium
2044 1179 2148 1225 trans-

1307 1230 1369 1273 fert
1382 1232 1412 1264 in
1421 1230 1591 1273 secundum
1607 1232 1855 1278 emphyteutam.

1200 1291 1241 1315 ιο
1268 1276 1480 1322 subrogatum
1503 1275 1591 1313 debet
1612 1279 1669 1326 effe
1682 1277 1818 1323 ejusdem
1832 1287 1973 1318 naturae,
1993 1275 2085 1322 cujus
2104 1271 2146 1316 est

1308 1327 1340 1359 id
1350 1349 1359 1364 ‚
1375 1327 1404 1359 in
1416 1324 1510 1370 cujus
1524 1325 1625 1361 locum
1633 1324 1825 1371 subrogatur
1838 1351 1847 1360 .

1198 1383 1210 1405 1
1220 1387 1234 1410 1
1264 1372 1456 1416 „Absurdum
1469 1372 1557 1418 efflet,
1574 1373 1655 1415 quod
1667 1375 1790 1419 primus
1804 1369 2146 1420 Emphyteutasubem-

1311 1422 1554 1467 phyteuticando
1563 1423 1699 1468 privare
1707 1417 1778 1466 poff
1774 1429 1803 1455 et
1819 1420 2015 1467 quindenniis
2036 1419 2147 1454 Domi-

1316 1480 1391 1503 num
1404 1471 1555 1505 direttum
1565 1491 1576 1502 .

1201 1529 1240 1553 12
1265 1520 1344 1559 ‘Non
1357 1515 1445 1551 debet
1459 1514 1514 1561 effe
1525 1517 1559 1549 in
1567 1513 1714 1562 potestate
1732 1516 1828 1562 primi
1838 1514 2064 1560 Emphyteutae‚
2071 1509 2150 1554 fub-

1314 1564 1595 1608 emphiteuticando
1611 1562 1818 1608 praeiudicare
1831 1564 1962 1596 Domino
1975 1561 2091 1594 direhio
2102 1582 2112 1591 .

1199 1622 1247 1657 13⁴¹
1266 1609 1371 1647 Alia's
1385 1609 1423 1645 ob
1434 1621 1585 1645 manuum
1597 1612 1802 1645 mutationem
1812 1607 2146 1653 bonaEmphyteutica,

1314 1658 1471 1705 pauldper
1485 1659 1655 1692 evaderent
1670 1655 1771 1692 libera
1782 1680 1791 1690 .

1200 1717 1244 1751 14
1268 1707 1390 1742 Mentio
1403 1704 1592 1740 Puellarum
1607 1709 1636 1738 S.
1647 1704 1795 1746 Eufemiae
1810 1704 1846 1737 de
1859 1700 1949 1736 vrbe
1964 1726 1973 1735 .

1202 1766 1239 1796 15
1270 1754 1377 1798 Niger
1388 1753 1588 1796 conqueritur
1598 1751 1634 1785 de
1643 1762 1701 1785 non
1715 1750 1922 1795 recognitione
1933 1747 2081 1782 laborum
2092 1772 2103 1781 .

1203 1805 1245 1837 16
1272 1801 1447 1835 Romanus
1460 1807 1515 1844 pro
1526 1810 1585 1832 uno
1604 1798 1750 1844 Responso
1762 1807 1856 1831 unam
1870 1795 2150 1830 caenamlucratus.

1204 1859 1245 1890 17
1270 1846 1406 1887 Abusus
1423 1844 1461 1886 est
1473 1854 1576 1890 petere
1587 1846 1682 1880 xenia
1696 1854 1752 1891 pro
1764 1844 1830 1878 litis
1845 1843 1986 1877 victoria
1999 1865 2008 1875 .

1204 1897 1245 1930 18
1271 1894 1488 1940 Requirendus
1499 1891 1538 1934 est
1549 1893 1702 1926 Dominus
1716 1892 1853 1926 direh'tus
1867 1913 1875 1927 ,
1887 1901 1944 1922 non
1957 1890 2078 1933 primus
2089 1898 2156 1922 em-

1318 1939 1470 1986 phyteuta
1489 1946 1546 1984 pro
1561 1938 1750 1973 alienatione
1762 1936 1910 1981 facienda
1919 1935 2153 1980 perferundum

1319 1986 1550 2032 emphyteutam
1561 2008 1571 2018 .
2008 1991 2010 1994 ¹

1204 2035 1247 2069 19
1272 2039 1355 2071 Pars
1360 2033 1380 2076 s
1379 2031 1688 2087 ubemphyteuticata
1696 2029 1799 2074 solum
1806 2037 1942 2066 remanet
1952 2028 2089 2066 obnoxia
2100 2038 2155 2062 ca-

1320 2091 1391 2114 noni
1406 2105 1415 2113 .

1204 2132 1248 2156 20
1275 2128 1458 2162 Dominium
1472 2127 1623 2161 direbtum
1638 2123 1677 2166 est
1687 2125 1793 2172 potior
1803 2124 1897 2165 causa
1907 2148 1917 2158 .

1205 2180 1244 2202 21
1276 2173 1451 2216 Praesertim
1459 2173 1486 2217 fi
1500 2181 1650 2218 appareat
1660 2196 1670 2211 ,
1686 2170 1779 2217 fuijJe
1790 2171 1981 2206 translatum
1992 2171 2023 2205 in
2035 2168 2156 2212 Instru-

1321 2220 1464 2262 mentosu
1470 2218 1818 2266 bemphyteuticationis
1828 2244 1838 2254 .
2004 2249 2008 2252 .

1205 2274 1247 2299 22
1273 2269 1380 2313 ‚Apud
1395 2269 1563 2302 Dominum
1576 2268 1726 2300 directam
1739 2274 1895 2300 remanere
1915 2265 2004 2301 debet
2018 2264 2072 2309 jus
2085 2276 2155 2299 con·
2187 2295 2191 2297 ,

1317 2314 1529 2360 sequutivum
1542 2313 1688 2358 exigendi
1701 2312 1894 2348 laudemium
1908 2337 1918 2352 ,
1931 2324 1968 2347 ac
1981 2312 2157 2355 resptbiive

1328 2363 1551 2406 quindennium
1564 2384 1574 2394 .

1211 2419 1230 2441 2
1236 2418 1251 2452 3
1281 2410 1412 2444 Primus
1425 2407 1624 2453 emphyteuta
1633 2405 1956 2454 lubemphyteuticare
1969 2406 2078 2452 nequit
2087 2428 2098 2445 ,
2109 2405 2157 2440 in·

1327 2458 1400 2489 vito
1413 2455 1528 2489 diredio
1542 2456 1676 2488 Domino
1691 2478 1700 2487 .

1210 2512 1254 2546 24
1278 2501 1385 2545 Nulla
1398 2502 1499 2546 opinio
1509 2499 1575 2534 ta'm
1586 2499 1666 2546 justa
1677 2501 1822 2536 inveniri
1831 2498 1926 2547 potest
1939 2526 1948 2540 ,
1971 2496 2156 2546 quinsubti-

1322 2546 1407 2582 libus
1421 2546 1599 2583 rationibus
1610 2550 1758 2583 convinci
1769 2555 1901 2594 nequeat
1913 2571 1922 2580 .

1216 2605 1256 2638 25
1285 2596 1521 2641 Qindenm'um
1533 2618 1542 2633 ,
1557 2594 1612 2637 seu
1628 2595 1789 2630 relevium
1797 2595 1987 2637 solvendum
1998 2592 2036 2635 est
2050 2591 2159 2637 subin-

1332 2642 1481 2681 vestienti
1499 2642 1537 2676 de
1553 2641 1647 2685 feudo
1661 2650 1716 2688 per
1732 2641 1953 2685 feudatarium
1975 2643 2009 2676 in
2031 2651 2159 2676 manum

1329 2696 1487 2724 mortuam
1497 2686 1754 2732 subinfeudatam
1767 2688 1961 2731 transeunte.

1214 2739 1258 2773 26
1283 2736 1452 2778 &levium
1466 2737 1652 2780 quindennio
1669 2735 1770 2779 simile
1776 2736 1799 2779 s
1796 2736 1923 2771 olvitur
1945 2735 2081 2771 Domino
2100 2734 2160 2768 im-

1330 2784 1465 2817 mediato
1477 2806 1486 2820 ,
1501 2794 1560 2818 non
1573 2784 1708 2818 mediato
1719 2808 1728 2818 .

1215 2841 1259 2873 27
1284 2835 1325 2865 A
1333 2830 1428 2873 feudo
1438 2830 1478 2863 ad
1489 2829 1718 2876 Emphyteusim
1729 2829 1804 2865 bene
1814 2830 1964 2874 arguitur
1974 2853 1984 2864 .

1215 2881 1258 2913 28
1285 2877 1493 2931 Laudemium
1515 2874 1644 2912 debetur
1666 2877 1867 2924 emphyteuta
1894 2874 2162 2921 subemphyteuti-

1330 2931 1414 2957 canti
1429 2947 1439 2956 .

1215 2983 1260 3015 29
1286 2969 1360 3017 Jus
1374 2970 1557 3006 colleeiandi
1567 2971 1690 3018 speb't'at
1699 2973 1739 3007 ad
1745 2970 2017 3014 subinfeudantem
2028 2991 2038 3001 .

1218 3031 1262 3064 30
1287 3018 1360 3064 ¹&lus
1369 3019 1515 3062 exigendi
1525 3020 1748 3064 quindennium
1757 3017 1857 3060 simile
1880 3015 1947 3059 iuri
1956 3015 2139 3050 collettandi
2149 3036 2161 3047 .

1217 3077 1233 3110 3
1243 3077 1257 3101 1
1285 3064 1461 3101 Devolutio
1467 3063 1618 3107 subfeudi
1629 3063 1668 3098 ob
1674 3064 1840 3110 felloniam
1852 3059 2162 3107 Subfcudatariispe-

1334 3113 1401 3146 etat
1415 3112 1455 3146 ad
1460 3109 1732 3154 subinfeudantem
1743 3131 1752 3141 .

1219 3170 1262 3205 32
1286 3160 1419 3196 Primus
1429 3156 1629 3201 emphyteuta
1650 3154 1785 3199 respectu
1803 3153 1931 3197 secundi
1955 3157 2073 3191 dicitur
2087 3166 2162 3202 quon

1332 3202 1492 3239 dammodo
1505 3202 1640 3234 directus
1653 3202 1808 3235 Dominus
1817 3225 1826 3235 .

1222 3262 1263 3298 33
1291 3249 1525 3296 Qindennium
1539 3245 1683 3288 solvitur
1692 3249 1824 3282 Domino
1834 3248 1949 3285 direb‘t‘o
1962 3274 1972 3284 .

1194 3328 1198 3335 ,
1221 3309 1268 3343 34
1290 3294 1438 3340 Reliquiae
1458 3293 1541 3338 juris
1551 3302 1710 3328 remanent
1716 3294 1808 3340 penes
1823 3294 2095 3338 subconcecientem
2109 3321 2117 3330 .

1195 3349 1204 3384 2
1223 3355 1262 3388 35
1293 3340 1562 3384 vsufrubiuarius
1574 3351 1632 3374 non
1634 3338 1714 3384 fibi,
1733 3341 1788 3384 sed
1796 3344 2001 3389 proprietario
2020 3341 2166 3388 poffidct.

1225 3394 1269 3435 36
1293 3388 1368 3438 Jus
1380 3385 1579 3440 praesentandi
1603 3388 1644 3422 ad
1661 3385 1847 3432 Beneficium
1855 3389 1977 3437 speb‘tat
1989 3392 2030 3427 ad
2039 3389 2166 3433 ulufru-

1342 3434 1517 3470 Huartnm.
2045 3439 2120 3473 'Pri-
