2295 3757
255 360 308 396 ³5

314 87 432 177 398

326 204 370 239 ne*
384 201 547 238 habeatur
560 209 623 246 pro
638 195 732 233 fatuo
750 222 757 233 ,
773 194 817 229 cst
831 193 918 243 enim
933 189 1023 226 adeo
1037 188 1138 242 siricii
1151 189 1205 230 ju-

326 253 372 288 ris
384 249 595 286 renunciatio
607 271 616 285 ‚
641 255 676 280 ut
688 255 755 278 non
769 243 1072 290 praesumatur-quis
1083 245 1202 270 renun-

329 299 426 335 ciasse
441 297 537 332 omni
549 294 611 337 juri
628 293 684 327 suo
703 315 711 328 ‚
734 289 786 323 scd
801 288 859 322 illa
873 294 965 320 venit
982 291 1202 327 interpretan-

331 347 379 383 da
392 371 402 384 ,
427 343 613 390 quominus
627 335 835 374 renuntianti
849 341 971 368 noceat
982 356 992 370 ‚
1012 328 1149 365 Samuel.
1165 329 1204 362 de

329 395 474 431 elcelionc
488 390 634 425 canonica
647 386 775 428 trac‘m.
791 385 947 416 commo.
958 376 1056 412 conci.
1064 386 1097 419 4.
1109 386 1200 410 mn.

327 453 402 478 cum
412 442 499 485 seqq.
509 436 528 471 a*
540 442 653 470 Borion.
667 430 825 466 eodsraft.
838 436 945 472 paru.
960 421 1202 478 cap-3..ri1ib.i5.

326 500 413 524 num.
425 499 458 529 7.
471 489 501 518 in
517 482 648 529 princip
659 476 745 520 vers.
759 475 823 522 ipsa
838 475 919 509 eni’m
933 470 972 512 est
986 472 1081 524 tincti
1096 481 1201 517 juris,

331 532 537 581 sapon.di]'c.2
547 531 726 570 85.riun1.i.
740 521 882 568 cumseq.
893 529 1005 572 tom.4..
1019 527 1120 556 ita,ut
1134 517 1204 569 (Ja-

330 581 474 617 noni-tus
488 575 700 621 praesuniatur
714 569 905 605 renunciare
920 576 997 602 voci
1015 575 1055 599 ex
1067 564 1204 599 humili-

333 639 403 663 tate
433 624 565 670 spiritus
588 620 634 655 ad
654 616 852 653 evitandum
879 611 1092 664 dissensiones
1105 635 1116 650 ,
1140 618 1201 664 aut

330 670 596 722 pernicilisiinias
621 664 845 712 partialitates
868 661 901 697 in
923 659 1090 711 Capitulis
1101 656 1199 710 facile)

331 719 410 758 oriri
422 718 553 755 solitas,
581 723 707 750 retenta
721 721 835 746 tamen
848 707 1129 753 capitularitate‚
1148 715 1200 757 in-

329 769 438 814 deque
451 768 520 809 jure
533 759 820 810 quindenniorum
832 780 842 795 ,
858 765 963 801 quam
976 778 985 793 ,
1000 756 1030 788 ὅ(
1040 753 1139 806 quod
1152 762 1199 787 ci-

330 816 383 852 tra
394 815 528 860 culpam
541 809 692 846 amittere
703 804 831 850 nequit.
845 800 978 847 Insuper
989 811 1071 846 quia
1083 799 1200 835 aneio-

328 863 445 900 ritates
463 863 648 906 loquuntur
661 854 695 888 in
709 849 934 897 Regularibus
945 873 954 889 ,
973 857 1122 900 quorum
1135 844 1199 881 sta—

330 920 387 945 tus
399 908 522 953 semper
536 905 579 940 est
592 901 755 948 regularis
768 923 777 939 ‚
802 897 869 933 sive
885 897 946 931 sint
957 895 999 930 de
1013 893 1176 947 capitulo
1186 915 1196 930 ,

329 956 398 993 {ive
411 956 505 991 extra
515 979 524 993 ‚
539 950 595 987 sed
607 948 802 984 Canonicus
814 969 824 985 ,
835 946 918 979 duni
931 942 977 978 est
990 940 1198 994 canonicus,

330 1015 398 1040 non
412 1002 520 1049 potest
537 999 598 1034 esse
621 1008 689 1032 non
703 992 910 1043 kapitulari-5
922 1001 933 1029 ;
957 993 987 1024 &
1007 998 1089 1034 quia
1100 985 1196 1040 supra

329 1052 443 1087 citatae
455 1046 676 1084 auetoritates
697 1045 880 1087 loquuntur
902 1049 936 1072 in
955 1045 1117 1071 concreto
1130 1045 1196 1086 iri-3

331 1096 476 1134 materia
488 1091 662 1130 ele-{tionis
673 1089 717 1126 ad
730 1088 886 1123 essec‘ium
912 1096 980 1119 non
995 1081 1196 1118 numerandi

331 1155 452 1182 votum
463 1137 689 1178 renunciantis
699 1160 708 1175 ‚
731 1144 833 1181 prout
852 1142 919 1168 non
933 1138 1127 1165 numeratur
1140 1138 1200 1162 vo-

332 1202 409 1229 tum
419 1188 582 1228 absentis,
609 1184 699 1228 quasi
710 1182 808 1229 quod
829 1180 875 1215 ob
887 1176 1198 1229 renunciationem,

335 1249 394 1276 aut
421 1235 605 1274 absentiam
629 1231 759 1268 desinat
786 1227 863 1274 quis
886 1227 947 1261 esse
971 1224 1012 1258 de
1036 1223 1200 1275 capitulo

335 1285 467 1333 quoad
480 1283 574 1318 illum
600 1289 714 1315 tamen
737 1275 845 1311 solum
871 1274 986 1325 afflum
1007 1271 1179 1323 elce-tionis
1191 1291 1203 1307 ‚

337 1345 408 1369 non
424 1331 504 1366 vero
520 1328 638 1375 quoad
652 1325 738 1361 alios
747 1323 862 1359 aetus,
882 1330 941 1364 qui
963 1327 1077 1370 peragi
1099 1324 1204 1368 ctiam

338 1378 472 1427 possunt
488 1375 610 1421 absque
625 1375 816 1408 interventu
840 1369 876 1402 in
890 1368 1073 1410 Capitulo,
1094 1363 1205 1408 qualis

339 1428 384 1463 est
396 1424 533 1472 praesens
543 1423 638 1457 aetus
649 1416 804 1462 exigendi
817 1410 1061 1464 quindennium
1073 1434 1083 1450 ,
1096 1412 1148 1445 seu
1161 1410 1204 1445 de

337 1476 394 1512 illo
405 1467 628 1519 participandi
649 1476 726 1501 cum
742 1462 813 1498 aliis
825 1459 1080 1496 concanonicis
1103 1458 1138 1493 in
1151 1467 1208 1492 ca-

336 1521 371 1558 su
384 1518 584 1556 renunciatae
597 1514 691 1549 vocis
704 1535 713 1546 .

386 1570 430 1602 ΙΙ.
451 1564 566 1600 Minus
579 1561 691 1596 obstat
705 1584 715 1599 ,
741 1556 839 1605 quod
853 1554 963 1592 immo
986 1550 1210 1606 estllculposus

342 1612 538 1650 canonicus
562 1608 798 1645 renunciando
819 1604 896 1640 voci
905 1603 963 1654 ,ob
976 1604 1209 1653 praeiun'iciurn

341 1662 421 1698 inde*
441 1659 603 1696 resultans
615 1654 781 1701 Capitulo
798 1663 839 1688 ex
853 1652 985 1686 deseoni
1006 1651 1093 1687 illius
1116 1658 1185 1683 voti
1199 1671 1212 1688 2

339 1707 432 1744 unde}
441 1707 475 1742 in
486 1715 625 1752 poenam
637 1701 750 1738 delier}
769 1698 960 1745 punit-uuus
970 1698 1046 1732 esset
1060 1693 1211 1731 amiffio-

272 1767 319 1803 36
345 1767 383 1792 ne
406 1749 606 1802 quindennii
622 1775 631 1790 ,
652 1749 696 1784 ne
713 1747 811 1783 aliter
834 1757 874 1781 ex
893 1743 951 1780 sua
963 1744 1091 1780 malitia
1104 1743 1211 1778 vitfto-

275 1918 316 1951 17

345 1803 432 1840 tiam
445 1806 631 1848 reportaret
641 1805 709 1843 cap.
719 1796 816 1830 novit
833 1804 886 1837 13.
897 1792 1039 1837 dejudic.
1049 1791 1131 1838 quia
1141 1789 1210 1824 dici

346 1849 464 1897 nequit
475 1847 535 1884 esse
548 1846 582 1880 in
598 1846 694 1888 culpa
706 1867 717 1884 ,
728 1844 810 1877 dum
822 1841 928 1876 uritur
936 1851 1007 1883 jure
1021 1838 1080 1875 suo
1093 1849 1211 1874 renun-

342 1897 468 1934 ciando
484 1893 583 1932 voci,
599 1893 652 1927 cui
665 1888 749 1925 bene
761 1887 953 1924 renunciare
965 1886 1075 1932 potest
1087 1898 1126 1921 ex
1136 1888 1208 1929 jam

340 1944 443 1979 dietis
463 1943 496 1979 in
510 1938 677 1986 principio
689 1935 845 1982 praesentis
854 1936 956 1980 Capit.
971 1937 1002 1968 ἃ
1018 1933 1184 1971 damnum
1196 1957 1207 1972 ‚

340 1991 436 2038 quod
459 1989 594 2024 resultat
610 1985 772 2030 capitulo
785 2006 808 2025 ‚,
820 1981 867 2017 est
881 1983 1052 2017 eventuale
1069 2008 1078 2023 ‚
1104 1994 1144 2018 ac
1159 1981 1208 2017 uti

341 2041 407 2074 tale
418 2063 427 2079 ,
442 2048 510 2072 non
521 2032 715 2069 babendum
730 2029 765 2065 in
778 2028 1046 2078 consideratione
1060 2053 1070 2069 ‚
1084 2032 1211 2076 praeler.

341 2086 405 2121 tim
429 2085 452 2119 fi
467 2095 534 2119 non
550 2079 713 2117 reddatur
724 2077 812 2114 adeo
825 2075 1040 2112 neceflarium
1054 2087 1210 2113 votum-³

343 2131 577 2169 renunciatum
589 2128 636 2163 ob
647 2123 868 2163 sufficientem
881 2133 1057 2159 numerum
1070 2125 1212 2161 aliorum

346 2178 596 2226 capitularium
609 2172 814 2210 venientium
826 2170 872 2208 ad
886 2172 1083 2218 Capitulum
1092 2197 1101 2212 ,
1113 2173 1213 2219 inque

344 2238 387 2261 eo
401 2225 591 2261 vorantium
604 2220 871 2262 3immonullum
884 2217 994 2265 potest
1011 2218 1212 2254 considerari

345 2274 510 2308 damnum
523 2296 534 2312 ,
563 2269 644 2318 quia
661 2266 768 2315 potest
783 2267 888 2303 etiam
909 2265 1005 2315 extra'.
1015 2268 1214 2313 kapitulum

347 2319 429 2356 ferre
441 2319 536 2356 suum
549 2328 672 2354 votum
698 2315 744 2351 ad
756 2314 858 2350 instar
870 2314 1071 2349 Afleflorum
1085 2314 1216 2360 Layco-

348 2378 420 2403 rum
436 2366 471 2402 in
482 2365 658 2402 Tribunali
672 2361 913 2402 Ecclesiastico,
921 2359 980 2408 qui
996 2360 1218 2408 quantumvis

350 2425 418 2449 non
433 2413 665 2460 pronuncient,
676 2411 810 2457 ponunt
823 2418 935 2444 tamen
949 2409 1030 2444 dare
1041 2409 1217 2444 consilium

352 2459 633 2507 Episcopo,ita,ut
648 2457 756 2504 potest
768 2454 1144 2492 conlulerecanonicus
1155 2456 1219 2490 Ec-

349 2508 450 2541 cleiiae
462 2533 470 2546 ‚
484 2507 655 2543 suadendo
667 2505 754 2543 aliis,
766 2503 861 2551 quod
875 2513 1007 2548 aequum
1017 2525 1027 2541 2
1041 2506 1073 2537 δι
1086 2502 1217 2537 bonum

351 2553 398 2586 est
413 2578 422 2592 ‚
447 2554 576 2600 hocque
591 2553 702 2588 modo
724 2549 1140 2596 reparatur-praejudicium
1155 2550 1218 2583 Ec-

351 2599 453 2634 clefiae
466 2625 476 2635 .
488 2600 634 2639 Oiniss'o,
649 2599 744 2646 quod
759 2597 965 2644 quandoque
979 2605 1112 2633 tantuin
1124 2595 1217 2631 abest

351 2646 578 2691 ponderatum
590 2648 758 2682 damnum
770 2670 780 2686 ,
794 2655 832 2680 ut
845 2642 963 2689 potius
975 2642 1030 2679 alii
1042 2642 1217 2689 capitula-

282 2696 324 2730 18
350 2703 403 2726 res
423 2691 646 2729 communiter
664 2695 814 2728 laetentur
836 2695 879 2727 de
894 2690 1021 2726 talibus
1041 2688 1215 2730 renuncia-

278 3034 320 3068 19

347 2737 497 2774 tionibus
511 2763 521 2778 ,
541 2751 581 2774 ex
595 2751 635 2774 eo
650 2739 746 2785 quod
766 2737 900 2775 facilius
913 2737 1093 2782 negocium
1101 2748 1215 2773 cum-³

345 2787 465 2832 paucis
481 2811 489 2825 ,
504 2786 609 2832 quani
621 2797 698 2821 cum
712 2787 826 2822 multis
839 2788 1013 2830 expeditur
1026 2787 1112 2829 Ricc.
1123 2783 1215 2828 decis.

349 2833 806 2878 Cur..Archiep.Neapol.276.
817 2844 939 2868 numa.
951 2841 1020 2878 par.
1025 2843 1056 2875 3.
1066 2854 1069 2855 ν

404 2882 468 2914 111.
479 2879 636 2923 Ejusdem
653 2879 867 2914 irrelevantiae
881 2879 928 2914 est
939 2903 949 2918 ,
970 2878 1068 2924 quod
1081 2903 1091 2919 ‚
1102 2878 1216 2913 cum-2

348 2926 596 2973 quindenniurn
621 2925 655 2959 in
670 2927 786 2960 locum
811 2924 969 2963 laudemii
995 2923 1216 2971 subrogatum

346 2975 542 3022 acquiratur
554 2984 594 3008 ex
608 2971 690 3007 sisto
703 2969 856 3006 consensu
869 2971 1021 3017 Capituli
1034 2998 1043 3013 ,
1062 2975 1121 3019 qui
1135 2983 1216 3017 prae-

345 3021 423 3058 stari
434 3021 575 3068 fingitur
589 3018 818 3064 capitulariter
836 3018 972 3063 singuiis
986 3019 1215 3065 quindecim.)

339 3070 439 3106 annis
451 3081 515 3116 pro
526 3066 667 3105 fi&a‚ac
678 3063 879 3110 imaginaria
892 3065 1093 3101 alienatione
1108 3066 1214 3101 toties

346 3118 546 3155 renovanda
557 3115 603 3153 ad
618 3121 700 3149 text.
714 3114 744 3148 in
757 3110 839 3155 lvfin.
849 3117 880 3148 C.
892 3110 1006 3161 dejure
1018 3111 1150 3159 emphyt.
1165 3113 1216 3147 vi-

349 3165 482 3201 deretur
500 3164 584 3200 illud
605 3159 734 3207 acquiri
757 3171 827 3194 non
847 3160 939 3205 polle
964 3159 1144 3195 Canonico
1166 3170 1214 3194 re-

347 3213 519 3246 nuntianti
541 3210 602 3247 suae
625 3206 723 3248 voci,
745 3205 805 3253 qui
819 3207 997 3252 tamquam
1017 3207 1214 3241 renuncians

347 3254 405 3289 suo
417 3268 501 3291 voto
515 3283 524 3296 ‚
542 3258 618 3293 vert}
632 3257 701 3292 dici
716 3252 825 3303 pote-st
837 3264 906 3289 non
921 3251 1117 3292 consentire,
1130 3253 1213 3298 qula

347 3302 381 3335 in
393 3301 632 3339 favorabilibus
655 3307 731 3339 ralis
752 3301 952 3339 renuncians
977 3299 1115 3345 fingitur
1127 3311 1212 3345 quo-

346 3359 410 3392 que
424 3348 604 3386 consentire
618 3351 664 3386 ad
673 3349 826 3386 effestum
837 3348 899 3386 fibi
910 3346 1105 3392 acquirendi
1115 3347 1212 3388 quin-

782 71 1038 148 Ioannis
1059 78 1273 159 Lopez
1304 70 1383 135 de
1401 74 1605 138 Leone
1623 111 1641 141 ,

1260 185 1422 221 dcnnium
1435 209 1444 223 ‚
1460 189 1491 220 &
1506 182 1588 230 qnia
1599 192 1667 218 non
1681 181 1727 217 est
1740 190 1854 217 verum
1869 181 1879 220 ξ
1903 179 2001 227 quod
2015 179 2126 216 videa-

1261 242 1315 268 tur
1326 243 1394 268 non
1405 230 1589 268 consentire
1600 255 1610 270 ,
1635 231 1713 265 cum
1723 228 1841 276 potius
1860 226 1905 262 est
1923 229 2005 263 inter
2016 231 2130 264 volen—

1261 289 1343 318 tem,
1356 284 1388 315 &
1401 281 1570 315 nolentem
1583 279 1688 314 l.nolle
1701 288 1735 321 4.
1745 276 1821 325 ffLde
1829 277 1931 322 aquir.
1941 275 2053 310 haered.
2064 286 2126 320 po-

1261 327 1342 362 litus
1365 326 1454 361 enim
1470 327 1514 361 cst
1528 327 1562 360 in
1577 326 1662 361 statu
1677 324 1792 358 medio
1817 322 1906 358 inter
1918 321 2126 358 consentien-

1261 385 1329 410 tem
1342 398 1353 414 ‚
1366 378 1398 408 δι
1413 385 1480 409 non
1492 371 1752 408 consentientem
1764 395 1774 411 ,
1791 369 1850 415 qui
1866 367 1979 405 saltem
2002 371 2015 413 (
2029 368 2127 414 quod

1261 420 1340 458 satis
1349 420 1411 463 est)
1421 432 1490 456 non
1501 418 1658 455 diiseiitit.
1670 418 1734 454 His
1748 417 1880 453 accedit
1889 441 1899 457 ‚
1910 417 2007 463 quod
2020 416 2125 452 etiam

1261 471 1313 503 cul
1318 479 1361 514 pa
1383 479 1452 503 non
1474 477 1592 503 vacate
1607 466 1737 502 videtur
1753 464 1950 501 Canonicus
1971 461 2128 513 absque,

1260 516 1380 561 aliqua
1388 513 1497 553 causa,
1513 524 1570 550 aut
1586 514 1741 558 legitimo
1750 511 2002 558 impedimento
2010 511 2129 547 absens

1261 564 1281 597 a
1295 561 1459 608 (Lapitulo
1472 586 1482 601 ‚
1497 570 1648 596 attamen
1664 561 1721 595 iste
1735 585 1744 600 ‚
1756 571 1825 595 non
1838 558 1993 594 obstante
2005 559 2062 594 sua
2071 557 2130 593 ab·

1260 607 1364 644 sentia
1377 612 1398 644 a
1409 607 1572 652 Capitulo
1583 633 1592 646 ‚
1617 607 1728 643 adhuc
1744 606 1828 642 bene
1840 605 2007 653 percipere
2016 603 2125 651 potest

1259 654 1479 701 quindennia‚
1495 665 1536 690 ac
1551 654 1573 688 si
1588 655 1609 689 a
1619 655 1782 700 capitulo
1792 665 1861 690 non
1872 652 2006 692 abess'et,
2023 651 2125 689 veluti

1260 704 1294 738 iii
1313 702 1367 741 his,
1375 702 1466 748 puris
1481 701 1633 737 terminis
1644 702 1804 737 acerrime
1828 699 1971 738 discusso
1981 699 2130 736 articulo

1259 748 1391 786 resolvit
1411 748 1650 795 congregatio
1675 748 1891 785 particularis
1912 748 2012 784 trium
2038 746 2127 782 Emi-

1257 795 1526 833 nentissimorum
1541 793 1799 835 cardinalium,
1822 800 1855 831 δι
1875 795 1975 832 unius
1992 793 2124 831 Praelati

1259 844 1281 879 a
1294 844 1375 879 Siiio
1389 841 1544 878 Domino
1554 842 1683 877 Nostro
1693 843 1866 878 Clemente
1882 846 1974 889 Papa
1984 845 2043 878 Xl.
2052 844 2128 888 glo-

1255 890 1358 930 riose,
1367 889 1448 936 quia
1458 889 1576 926 coaete·
1591 887 1736 927 sedente,
1750 889 1783 924 in
1794 889 1912 924 celebri
1927 889 2036 926 Causa
2052 891 2126 925 Ro-

1254 947 1359 974 mana
1376 939 1465 974 inter
1484 936 1648 972 carolum
1664 935 1948 972 Bartholoniaeum
1967 937 2126 974 Piazzam

1255 984 1596 1031 Archipresbyterum
1621 983 1772 1019 Ecclesiae
1786 985 1984 1030 collegiatae
2006 987 2039 1020 S.
2052 987 2125 1020 Ma.-

1255 1032 1311 1070 riae
1324 1032 1359 1067 in
1371 1030 1556 1067 Cosmedin
1568 1029 1692 1066 Scholae
1703 1031 1828 1067 (zraecae
1844 1032 1948 1078 vulgo
1961 1033 2030 1068 alla
2045 1039 2124 1069 Boc-

1254 1091 1293 1115 ca
1305 1079 1387 1115 della
1399 1077 1509 1114 verita*
1518 1105 1528 1119 ‚
1547 1080 1596 1113 die
1608 1091 1663 1122 24.
1678 1081 1797 1114 Martii
1812 1090 1913 1124 1713·
1931 1079 1950 1115 ἑ
1963 1078 2123 1116 humanis

1256 1136 1406 1173 ereptum
1417 1150 1427 1164 ‚
1448 1136 1489 1162 ac
1511 1125 1598 1161 inter
1619 1125 1818 1170 eapitulum
1831 1149 1842 1167 ‚
1867 1131 1900 1161 δι
1922 1127 2124 1163 Canonicos

1257 1173 1401 1218 ejusdem
1416 1173 1584 1211 Ecclesiae,
1604 1173 1701 1216 juxta
1725 1174 1886 1209 lefturam
1898 1172 2065 1209 sententiae
2078 1174 2122 1209 de

1259 1231 1352 1256 anno
1366 1231 1468 1264 1705.
1480 1221 1560 1258 late,
1574 1219 1606 1254 in
1621 1220 2127 1267 §.40.regiflrat.pofiTrahi-inter

1261 1270 1409 1305 Βοὲἶονεε
1421 1268 1514 1303 litera
1528 1271 1598 1302 σε.
1618 1269 1814 1303 &maxima
1829 1269 1962 1314 paritas
1981 1268 2028 1303 est
2039 1267 2127 1303 inter

1261 1314 1510 1350 renunciantem
1533 1313 1607 1349 voci
1621 1338 1632 1353 ‚
1658 1316 1691 1348 &
1705 1313 1873 1351 absentem
1894 1317 1916 1352 a
1939 1316 2105 1361 capitulo
2114 1338 2126 1355 ,

1261 1372 1341 1398 curn
1353 1361 1427 1397 vere
1439 1370 1575 1408 uterque
1587 1371 1627 1396 ex
1640 1359 1732 1396 fieio
1741 1363 1880 1407 proprio
1891 1374 1961 1398 non
1970 1360 2130 1408 suffrage-

1264 1418 1317 1444 tur
1328 1419 1364 1443 in
1374 1410 1538 1455 Lapitulo
1548 1431 1559 1447 ,
1573 1410 1606 1443 &
1618 1417 1756 1455 uterque
1767 1408 1860 1445 idem
1870 1433 1881 1449 ,
1895 1411 1944 1444 vel
1956 1409 2129 1446 consimile

1266 1455 1419 1492 videatur
1435 1465 1647 1490 committere
1659 1456 1821 1491 delifium
1832 1482 1842 1497 ,
1855 1456 1962 1496 unde,
1977 1456 2001 1491 fi
2013 1458 2131 1492 volun-

1267 1503 1355 1539 tane
1380 1502 1497 1538 absens
1522 1513 1542 1536 a
1561 1502 1725 1547 kapitulo
1747 1513 1817 1537 non
1836 1513 1981 1539 meretur
1993 1510 2135 1550 poenam

1268 1548 1456 1586 amiffionis
1477 1548 1763 1594 quintieiiniorum
1785 1552 1884 1593 juxta
1906 1558 2133 1586 memoratam

1270 1596 1505 1633 resolutionem
1521 1621 1531 1636 ‚
1555 1605 1614 1631 nec
1630 1596 1723 1632 illam
1741 1595 1922 1632 merebitur
1943 1595 2136 1633 voluntarie

1269 1644 1468 1682 renuncians
1479 1643 1554 1679 voci
1566 1644 1612 1678 ob
1623 1642 1766 1678 eundem
1780 1642 1947 1683 elicorum,
1955 1642 2016 1690 qui
2028 1641 2136 1689 sequi—

1269 1703 1324 1728 tur
1338 1703 1378 1727 ex
1391 1693 1537 1726 absentia
1547 1702 1569 1725 a
1581 1689 1765 1735 capitulo,
1783 1693 1815 1725 &
1826 1703 1865 1727 ex
1877 1689 2134 1727 renunciatione

1270 1738 1364 1775 vocis
1377 1764 1387 1779 ,
1410 1738 1475 1774 sola
1488 1738 1570 1773 data
1579 1738 1664 1771 inter
1679 1749 1803 1778 unum,
1817 1742 1850 1774 &
1861 1738 1965 1774 alium
1979 1735 2134 1775 differen-

1270 1787 1320 1822 tia
1333 1812 1343 1827 ,
1365 1789 1462 1831 quoti
1475 1786 1592 1820 abiens
1615 1784 1720 1819 tacite
1740 1784 1914 1821 renunciat
1927 1784 2003 1821 voci
2016 1784 2134 1822 saltem

1268 1845 1331 1880 pro
1342 1834 1394 1869 illa
1411 1835 1480 1868 vice
1493 1857 1502 1872 ‚
1526 1836 1578 1866 seu
1594 1832 1724 1867 vicibus
1736 1857 1745 1872 ,
1758 1844 1822 1879 pro
1831 1841 1910 1879 qua,
1922 1829 1974 1867 seu
1988 1843 2051 1878 pro
2060 1832 2135 1879 qui.

1268 1881 1333 1917 bus
1345 1881 1436 1916 abest
1450 1882 1470 1914 a
1482 1883 1744 1924 kapitulostlter
1756 1879 1837 1916 vero
1849 1877 2000 1926 expresse
2011 1889 2132 1916 renun-

1266 1928 1334 1964 ciet
1344 1927 1459 1963 i'alteni
1473 1937 1535 1973 pro
1548 1936 1625 1962 toto
1640 1936 1790 1974 ternpore
1798 1951 1810 1967 ,
1821 1939 1893 1974 quo
1903 1924 1997 1964 suam
2009 1937 2130 1973 vocem

1266 1982 1458 2013 reassumere
1469 1974 1573 2010 nolit.

1315 2025 1378 2058 lv.
1399 2021 1552 2057 Levioris
1576 2021 1737 2067 ponderis
1755 2021 1801 2058 est
1814 2021 1987 2069 objthum
1996 2045 2008 2062 ‚
2032 2019 2132 2068 quod

1269 2071 1428 2118 quamvis
1440 2080 1598 2105 numerus
1611 2073 1864 2105 Lanomcorum
1873 2068 2040 2117 praecipue*
2053 2079 2135 2104 con-

1270 2119 1362 2155 sistat
1377 2119 1410 2153 in
1422 2115 1554 2153 servitio
1565 2140 1575 2154 ,
1588 2120 1620 2150 δε
1633 2115 1810 2151 residentia
1822 2114 1985 2155 Ecclesiae,
2000 2114 2109 2152 Chori
2121 2141 2131 2157 ,

1270 2171 1304 2202 ἃ
1317 2163 1442 2200 Altaris
1452 2189 1461 2204 ‚
1477 2162 1696 2197 nihilomiuus
1707 2162 1856 2197 consistit
1866 2163 1969 2198 etiam
1979 2163 2014 2198 in
2024 2161 2134 2199 admi-

1271 2213 1468 2251 nistratione
1479 2235 1489 2249 ,
1503 2213 1534 2244 δι
1548 2209 1709 2256 regimine
1721 2220 1828 2245 rerum
1844 2209 2003 2249 Ecclesiae,
2014 2221 2054 2245 ac
2066 2211 2137 2246 Ca-

1272 2260 1391 2307 pituli,
1403 2256 1649 2304 spiritualium,
1673 2267 1712 2292 ac
1730 2257 1967 2300 temporalium
1980 2281 1990 2296 ‚
2014 2255 2049 2292 in
2061 2267 2135 2303 quo

1272 2311 1372 2354 jus,&
1385 2306 1514 2341 bonum
1526 2303 1696 2349 publicum
1711 2301 1864 2343 versatur,
1879 2303 1988 2349 sicque
2002 2304 2133 2341 incum—

1273 2355 1324 2392 bit
1333 2355 1380 2391 eis
1389 2362 1475 2389 onus
1485 2349 1692 2386 iiitereilendi
1700 2352 1868 2396 Capitulis
1879 2355 1922 2386 ad
1936 2349 2139 2387 satisfacien-

1274 2404 1358 2438 dum
1369 2397 1575 2445 integraliter
1588 2408 1707 2433 eorum
1716 2396 1885 2437 officim&
1896 2397 2137 2434 consulendum

1275 2450 1371 2485 bono
1384 2450 1532 2482 hccieliae
1546 2469 1555 2484 ,
1581 2443 1711 2490 ejusque
1722 2455 1795 2488 jura
1806 2469 1817 2486 ,
1839 2448 1871 2479 ὅ(
1888 2457 1938 2481 res
1949 2445 2112 2481 tuendum
2123 2469 2135 2486 ,

1275 2493 1615 2541 ita‚ut,quanturnvis
1625 2491 1876 2527 administratio
1887 2491 2091 2535 hujusmodi,
2101 2497 2136 2528 δι

1275 2544 1425 2590 regimen
1436 2538 1611 2576 incumbat
1621 2538 1857 2577 canonicis&
1871 2539 2134 2585 capitularibus,

1275 2603 1343 2626 non
1359 2588 1409 2626 uti
1421 2585 1568 2632 singuiis,
1582 2586 1635 2621 sed
1647 2585 1698 2621 uti
1711 2585 1877 2628 universis,
1891 2596 2041 2622 attamen
2054 2587 2133 2622 cum

1274 2637 1415 2685 quilibet
1427 2647 1467 2671 ex
1477 2636 1662 2669 §attonitis
1673 2632 1733 2667 fint
1744 2632 2049 2680 parsCapituli,seu
2062 2632 2135 2668 uni-

1274 2683 1438 2722 versitatis
1447 2706 1457 2721 ‚
1482 2682 1530 2717 uti
1543 2680 1633 2725 parti
1647 2679 1799 2725 kapituli
1821 2680 2014 2717 incumbere
2033 2680 2134 2715 debet

1274 2733 1454 2776 unicuique
1469 2729 1626 2774 praeuieta
1639 2726 1809 2772 obligatio
1821 2753 1830 2768 ,
1841 2729 1942 2769 alias,
1957 2727 1980 2761 fi
1994 2727 2134 2773 quilibet

1273 2791 1314 2817 ex
1326 2776 1510 2815 Canonicis
1523 2800 1533 2815 ,
1559 2780 1612 2810 seu
1627 2774 1880 2820 capitularibus
1902 2772 2007 2820 posset
2018 2784 2136 2808 renun-

1273 2827 1363 2863 ciare
1376 2825 1464 2863 voci,
1480 2834 1539 2858 nec
1553 2831 1717 2858 teneretur
1729 2821 1875 2857 interesse
1887 2820 2047 2865 kapitulo
2058 2844 2067 2859 ‚
2084 2819 2135 2855 vel

1273 2875 1299 2910 si
1312 2875 1407 2909 vellet
1417 2868 1574 2908 interesse,
1586 2869 1692 2916 pollet
1702 2867 1736 2903 in
1745 2879 1787 2903 eo
1799 2877 1912 2904 votum
1925 2866 2017 2902 suum
2031 2867 2134 2903 omit-

1275 2930 1342 2956 tere
1355 2944 1366 2960 ,
1388 2918 1540 2964 illudque
1552 2927 1620 2953 non
1634 2916 1784 2962 praestare
1799 2939 1809 2954 ,
1831 2914 1888 2949 alii
1902 2913 2003 2948 etiam
2019 2915 2135 2949 Cano·

1275 2968 1342 3004 nici
1356 2968 1488 3013 possent
1501 2965 1538 3000 id
1553 2962 1657 3000 facere
1671 2988 1680 3002 ,
1696 2973 1754 2996 nec
1769 2960 1846 2996 esset
1859 2963 1971 3004 major
1985 2962 2075 2996 ratio
2088 2960 2132 2996 de

1274 3015 1462 3060 numquam
1477 3012 1519 3048 de
1532 3013 1650 3049 altero,
1664 3013 1695 3044 &
1708 3008 1751 3042 fic
1765 3006 1870 3051 posset
1885 3005 1981 3042 facile]
1993 3006 2136 3043 deficere

1273 3063 1401 3097 bonum
1415 3059 1564 3106 regimen
1577 3057 1720 3092 Ecclesiae
1736 3078 1746 3094 ‚
1765 3064 1805 3088 ac
1818 3053 1970 3096 Capituli
1996 3055 2028 3090 in
2041 3051 2135 3089 haud

1272 3111 1344 3144 leve
1354 3107 1501 3151 eiusdem
1514 3108 1750 3140 detrimentum
1764 3123 1774 3139 ,
1789 3100 1913 3144 Barbof
1909 3114 1928 3136 a
1941 3103 1977 3137 de
1987 3102 2134 3137 Canonic.

1273 3159 1315 3193 (φ
1327 3158 1449 3201 Dignst.
1460 3160 1685 3199 cap.4o.nu.1.
1706 3147 1830 3182 etenim
1843 3147 2028 3184 Canonicis
2039 3159 2132 3183 :om-

1273 3206 1356 3248 petit
1373 3213 1438 3236 vox
1448 3194 1670 3238 rationejuris
1684 3193 1819 3239 privati,
1831 3198 1863 3230 δε
1880 3194 2031 3240 specialis
2046 3195 2130 3230 inter

1272 3260 1329 3284 eos
1345 3243 1562 3283 fraternitatis
1574 3267 1584 3282 ‚
1609 3252 1677 3276 non
1693 3241 1826 3286 proprie
1849 3254 1889 3277 ex
1907 3241 2029 3278 officio
2041 3268 2050 3281 ,
2075 3239 2129 3276 cui

1272 3294 1415 3341 proinde)
1431 3294 1574 3326 valentes
1587 3288 1779 3324 renunciare
1791 3312 1802 3328 ,
1824 3288 1844 3324 d
1860 3296 1973 3325 Bonon-
1999 3292 2035 3324 de
2045 3289 2135 3323 eleb}-

1269 3352 1374 3387 par..1.
1387 3347 1493 3385 cap-20
1506 3336 1639 3382 dub-15.
1649 3346 1770 3381 num.4.
1781 3337 1868 3375 bene
1881 3335 2018 3382 possunt
2030 3333 2136 3379 parti-

1980 3391 2093 3428 cipare

2151 191 2207 217 ¹20.

2153 566 2194 594 21

2151 950 2193 974 22

2156 3246 2202 3279 24
