2295 3757
275 119 397 199 246

381 293 1016 347 ARGUMENT‘OM.

170 419 415 466 Emphyteuta
445 414 637 451 subiiciente
665 409 920 459 Emphyteufim
949 407 1156 443 ssrifflffimo

227 467 365 502 vinculo
382 458 646 498 Fideicommiffi
662 471 738 495 cum
759 455 985 502 prohibitione
1009 455 1157 491 alienan-

224 514 260 548 di
272 513 364 547 bona
381 508 642 555 limphyteutica
665 504 781 541 effeeta
810 501 1154 542 Fideicommiss‘aria,

225 560 282 596 sub
301 568 400 604 ραι-ιη
422 553 628 591 caducitatis
642 579 650 593 ‚
676 560 818 589 vocatus
838 558 970 586 tenetur
999 546 1153 586 soivero

226 604 472 653 quindennium
488 626 497 635 .

411 693 917 732 SUMMARIUM.

231 808 243 831 1
272 793 481 840 Empbvteuta
492 815 501 828 ,
535 791 629 824 etiam
642 787 735 830 inscio
750 787 862 821 direlio
877 785 1011 820 Domino
1023 808 1032 822 ‚
1058 781 1154 829 potest

312 841 406 883 super
421 835 617 883 Empbyteusi
635 833 817 876 constituere
830 829 1108 876 fideicommissum
1120 854 1131 865 .

226 901 245 924 2
270 889 426 931 Reiicitur
449 885 627 929 Nogucira
637 880 751 928 quaest.
767 879 885 923 singul.
899 877 1020 923 disp.4.
1035 888 1152 923 qu.14.

321 942 387 973 §.2.
404 945 494 967 naz.
508 933 551 966 (φ
564 930 740 964 declaratur
766 929 916 962 Manent.
930 925 971 960 de
985 927 1054 968 jure
1067 935 1151 959 con-

322 981 418 1016 tra-st.
435 979 571 1014 livellar.
583 988 676 1021 (μω.
693 974 982 1020 ρειξί.7.ηιιη1.16.

230 1039 247 1075 3
276 1025 492 1072 Empbyteusis
501 1024 566 1069 fine
578 1023 716 1066 consensu
731 1022 856 1056 Domini
870 1020 970 1065 legari
979 1017 1076 1065 potest
1091 1042 1102 1053 .

229 1086 254 1120 4
277 1075 366 1111 Talis
379 1075 462 1108 ratio
477 1084 536 1106 non
548 1071 648 1116 placet
665 1069 805 1104 Auttori
816 1092 825 1101 .

231 1134 248 1166 5
276 1120 404 1165 Diversi
412 1120 486 1163 sunt
496 1116 620 1164 effeetus
634 1116 731 1197 legati
744 1139 753 1153 ,
765 1117 807 1150 Ε’φ·
822 1109 1054 1154 fideicommissi
1068 1136 1078 1147 .

227 1173 251 1206 6
278 1169 469 1214 Legatarius
480 1163 574 1211 potesi
588 1164 662 1199 adli
685 1161 732 1197 iu}
750 1159 978 1206 Emphyteusim
991 1160 1127 1194 alienare
1141 1182 1152 1193 .

229 1228 252 1259 7
279 1216 473 1261 Legatarius
486 1212 627 1247 alienans
639 1207 867 1253 Empbyteufim
879 1205 994 1252 absque
1008 1206 1150 1249 consensu

327 1262 452 1297 Domini
466 1286 475 1299 ,
489 1260 598 1293 incidit
613 1259 644 1290 in
658 1252 848 1300 commissum
860 1278 870 1287 .

229 1312 250 1347 8
276 1309 486 1355 emphyteuta
517 1303 610 1350 potest
638 1299 866 1349 Emphyteufim
901 1299 995 1343 inscio
1018 1299 1150 1334 Domino

328 1358 440 1391 donare
450 1378 460 1387 .

227 1415 255 1451 9
280 1401 459 1438 ‘prohibitio
470 1399 668 1436 alienationis
692 1393 905 1441 Emphyteusis
931 1393 1116 1427 demandata
1130 1389 1151 1426 ci

326 1448 479 1491 testatore,
490 1446 569 1481 nihil
579 1445 667 1480 aliud
678 1442 728 1485 esi,
742 1439 837 1488 qua'm
852 1436 1130 1484 fideicommissum
1141 1462 1151 1473 .

211 1509 254 1534 10
282 1498 435 1534 Dominus
449 1495 583 1529 direeius
594 1489 764 1526 vinculare
773 1485 867 1534 potest
876 1485 1105 1532 Emphyteufim
1113 1508 1124 1519 .

207 1556 223 1581 1
233 1557 249 1581 1
279 1542 488 1589 Reffeiluntur
500 1539 690 1574 contrarium
699 1535 862 1576 sentientes
876 1557 886 1568 .

208 1603 225 1627 1
235 1605 252 1627 2
278 1585 554 1632 fideicommifficm
567 1583 685 1626 insiitui
696 1579 789 1628 potest
796 1581 820 1623 s
816 1589 893 1627 uper
905 1580 995 1624 censu
1007 1605 1019 1614 .

212 1650 252 1681 13
282 1631 558 1678 fideicommissum
571 1629 712 1673 constitui
723 1626 817 1675 potest
824 1628 918 1674 super
925 1627 1022 1670 feudo
1039 1649 1049 1659 ·

209 1697 254 1730 14
278 1683 412 1727 Tesiatm·
424 1682 571 1717 heredem
579 1688 726 1725 gravare
734 1674 829 1723 potest
840 1699 851 1714 ,
873 1674 909 1709 ne
922 1672 1153 1720 Emphyteusim

326 1733 439 1766 alienet
449 1753 459 1762 .

209 1790 250 1822 ῖς
279 1774 556 1821 Ft'deicommiffum
568 1771 687 1812 insiitui
694 1769 788 1817 potest
801 1771 834 1804 in
842 1768 939 1812 feudo
952 1794 962 1803 .

209 1832 253 1864 16
282 1823 461 1862 Prohibitio
479 1820 676 1856 alienationis
690 1815 904 1863 Emphyteufis
913 1824 965 1859 per
978 1816 1147 1851 Fideicom-

323 1869 446 1917 miffum
459 1894 469 1909 ‚
491 1869 625 1903 videtur
639 1865 804 1909 conformis
812 1862 1018 1910 prohibitioni
1027 1863 1124 1907 legali
1140 1887 1150 1897 .

209 1933 252 1965 17
278 1925 316 1955 In
328 1921 351 1954 1.
362 1919 420 1952 fin.
434 1918 476 1951 C.
490 1916 532 1951 de
544 1916 615 1957 jure
627 1913 789 1957 Emphyt.
807 1908 990 1956 prohibetur
1000 1909 1149 1945 alienatio

324 1970 383 2001 Em
405 1963 538 2010 hyteusis
548 1986 558 1996 .

211 2019 253 2052 38
278 2021 377 2059 Repro
401 2020 475 2047 atur
487 2005 645 2045 Roderic.
657 2006 698 2042 de
709 2003 1145 2050 a11.redd.lib.2.q.22.n.39.

210 2075 225 2098 1
233 2076 254 2107 9
279 2058 464 2104 successores
480 2056 693 2102 Emphyteutae
702 2053 924 2089 contravenire
934 2060 1090 2096 nequeunt
1091 2053 1150 2091 fa-

327 2110 372 2142 eto
383 2108 418 2140 de
434 2106 520 2139 unffi
530 2128 540 2138 .

209 2169 255 2193 20
281 2106 493 2200 Emphyziecusis
505 2156 706 2185 enumeratur
719 2145 890 2182 interbona
911 2145 1126 2192 Emphyteutae
1143 2170 1154 2180 .

211 2214 231 2239 2
239 2216 253 2239 1
282 2201 488 2246 Emphyteuta
498 2197 613 2232 dicitur
621 2194 710 2242 quasi
723 2195 874 2229 Dominus
885 2217 894 2226 .

209 2264 231 2286 2
238 2264 254 2285 2
282 2255 436 2284 Bonorum
446 2244 651 2291 appellatione
659 2243 798 2276 veniunt
807 2238 887 2275 bona
896 2239 1146 2286 emphyteutica.

210 2308 253 2340 23
282 2294 478 2330 Contrarium
490 2293 522 2326 in
537 2287 735 2334 Emphyteusi
747 2299 804 2322 non
816 2287 1014 2322 hereditaria
1026 2310 1035 2321 .

209 2356 259 2388 24
283 2339 491 2385 emphyteuta
504 2337 658 2383 disponere
667 2335 760 2370 valet
772 2336 809 2368 de
818 2333 1019 2381 Emphyteusi
1030 2342 1084 2378 per
1098 2335 1153 2370 Fi·-

328 2381 566 2430 deicommiffum
577 2404 587 2415 .

210 2447 253 2480 25
282 2431 493 2480 Emphyteusis
504 2428 613 2470 transit
623 2430 654 2465 in
669 2425 999 2473 Fideicommiffarium
1012 2452 1021 2461 .

211 2487 258 2519 26
283 2488 369 2517 Bona
384 2476 605 2522 Fideicommis]
609 2479 677 2511 aria
688 2476 944 2521 emphyteuticari
951 2473 1074 2520 possunt
1086 2499 1096 2509 .

213 2542 258 2573 27
282 2527 358 2571 ‘Nisi
367 2525 482 2570 refiliat
494 2525 652 2559 contraria
664 2522 713 2564 dis
707 2521 814 2567 pofitio
826 2522 1133 2557 fideicommittentis
1141 2547 1151 2556 .

216 2580 260 2613 28
284 2578 324 2610 In
336 2573 496 2618 Lusitania
505 2569 584 2612 adesi
594 2570 778 2611 consuetudo
796 2567 1080 2615 emphyteuticandi
1087 2580 1154 2604 ma-

329 2620 490 2666 joratuum
498 2617 578 2652 bona
592 2641 601 2651 .

212 2683 259 2714 29
286 2666 505 2712 Reprobantur
515 2665 708 2699 contrarium
717 2670 852 2698 tenentes
864 2685 874 2697 .

218 2729 263 2762 30
288 2718 435 2761 Qorum
446 2714 547 2758 opinio
556 2709 650 2756 posset
670 2712 709 2745 ad
715 2710 871 2753 summum
879 2709 901 2754 s
897 2710 1011 2746 alvari
1019 2711 1049 2745 in
1061 2708 1153 2746 bonis

330 2773 388 2796 non
392 2760 496 2803 solitis
508 2757 765 2803 emphyteuticari
777 2781 787 2791 .

222 2822 240 2856 3
250 2823 264 2846 1
293 2810 344 2843 Ex
358 2808 443 2851 Reg.
459 2804 582 2840 ordin.
608 2801 893 2847 portuga11.1ib.2‚
907 2803 1110 2849 tit.33.§.42.
1121 2807 1155 2839 &

331 2853 425 2895 lib.4.
441 2851 553 2887 tit.66.
578 2849 789 2895 Emphyteusis
798 2850 892 2894 potes}
915 2850 1155 2897 Fideicommiss'o

333 2900 500 2937 vinculari
511 2922 520 2937 ,
543 2897 666 2944 quando
686 2896 997 2942 Fideicommiffarius
1019 2897 1111 2933 habet
1135 2896 1155 2931 a*

329 2946 624 2985 fideicommittente
634 2942 822 2985 facultatem
835 2945 1113 2990 emphyteuticandi
1125 2969 1134 2978 .

216 3010 260 3044 32
287 2989 564 3037 fideicommissum
584 2988 728 3028 constitui
738 2987 831 3033 potes}
846 2991 878 3024 in
892 2989 1087 3036 Emphyteufi
1098 2991 1158 3027 hae-

331 3042 482 3077 redituria
493 3036 671 3081 transitoria
683 3036 724 3069 ad
735 3044 899 3070 extraneos
915 3060 924 3070 .

216 3102 257 3135 33
289 3086 448 3137 Quomodo
456 3084 656 3131 temperanda
667 3082 729 3116 hac
740 3083 843 3127 opinio
855 3106 866 3116 .

216 3148 262 3183 34
286 3132 499 3181 Emphyteufis
510 3128 717 3173 Ecclefiasiiea
739 3128 928 3173 regulariter
940 3130 981 3164 ad
991 3138 1155 3166 extraneos

334 3193 393 3216 71οᾺ
404 3189 473 3214 tran
487 3187 511 3212 tt
523 3202 533 3212 ο

215 3243 232 3276 3
242 3242 257 3274 ς
287 3235 323 3264 ln
338 3226 431 3261 dubio
445 3178 544 3259 insteIIi
542 3225 632 3270 gitur
646 3222 741 3269 usque
751 3223 792 3256 ad
800 3221 894 3258 tertia
899 3225 1133 3268 generationem
1145 3242 1158 3259 ι

216 3283 260 3322 36
286 3272 415 3315 Etiamsi
426 3270 559 3315 concessa
566 3270 605 3313 sit
614 3278 668 3314 pro
679 3267 862 3308 hammus,
870 3273 915 3306 ,Θ
922 3269 945 3312 s
940 3269 1034 3315 ncces]
1038 3270 1158 3304 oribus.

218 3336 260 3370 37
287 3328 450 3365 Ravenna
463 3342 471 3356 ,
496 3329 534 3350 ae
543 3315 619 3350 alibi
631 3315 710 3354 bona
724 3316 963 3363 emphyteutica
970 3316 1047 3360 sunt
1059 3318 1098 3351 ad
1111 3319 1158 3351 in-

327 3367 393 3411 star
403 3363 600 3399 allodialium
611 3386 620 3397 .
1025 3379 1029 3382 -

758 113 1012 178 Joannis
1048 112 1260 192 Lopez
1291 106 1370 170 de
1390 109 1627 177 Leone‚‘

1241 222 1284 263 38
1311 219 1527 268 Emphyteufis
1541 216 1674 264 concessa
1685 225 1757 250 cum
1769 215 1912 257 clausula
1925 213 1959 250 in
1973 217 2186 260 perpetuum,⁴

1355 266 1466 313 junc‘la
1481 266 1684 309 observantia
1698 287 1706 301 ‚
1732 261 1814 308 quod
1825 264 1965 298 extranei
1976 264 2007 297 in
2019 275 2054 297 ea
2060 263 2082 305 s
2081 263 2182 306 ncces-

1351 315 1447 355 serint
1457 340 1466 354 ‚
1487 314 1527 356 fit
1540 311 1719 355 transitoria
1732 312 1772 344 ad
1781 318 1944 344 extraneos
1958 334 1967 343 .

1239 370 1283 404 39
1307 362 1381 407 ,Quo
1393 362 1464 403 casu
1476 364 1507 396 in
1522 361 1578 396 illa
1590 358 1708 400 institui
1719 354 1811 402 potest
1823 355 2101 402 Fideicommiffum
2112 381 2122 390 .

1237 418 1283 450 40
1308 408 1523 454 Empbyteusis
1546 403 1752 449 Ecclesiastico
1765 403 1943 448 tranfitoria
1954 404 1996 437 ad
2010 411 2176 439 extrancos

1353 456 1447 488 venit
1459 456 1491 488 in
1504 453 1691 494 restitutione
1705 447 1938 492 fideicommiffi
1949 474 1958 483 .

1234 510 1277 543 41
1305 502 1405 537 Patto
1422 499 1494 542 fieri
1503 500 1597 548 potes}
1615 496 1826 545 Emphyteufis
1839 495 2016 540 tranfitoria
2026 498 2062 533 ed
2073 505 2180 533 extra-

1352 559 1422 582 neos
1433 572 1442 582 .

1236 604 1281 636 42
1307 594 1440 638 Proutfi
1449 596 1481 628 in
1495 591 1692 641 Empbyteusi
1701 591 1776 636 adsit
1784 593 1911 638 palium
1920 591 1956 625 de
1965 587 2180 636 affrancando.

1235 651 1277 684 43
1309 643 1343 676 Si
1355 639 1487 686 concessa
1494 639 1535 683 fit
1544 650 1601 686 pro
1608 641 1630 683 s
1627 652 1642 674 c
1654 666 1662 680 ‚
1673 642 1716 675 &-
1727 639 1899 676 haeredibus
1908 635 2155 685 quibuscumque
2164 664 2178 674 .

1236 698 1286 731 44
1309 690 1344 723 Si
1357 686 1433 730 adsit
1444 690 1571 733 palium
1585 687 1759 721 renovandi
1768 687 1804 720 de
1817 686 1939 733 viginti
1951 695 2067 719 novem
2079 686 2110 721 in
2121 688 2178 721 vi-

1350 743 1434 779 ginti
1448 744 1565 768 novem
1579 745 1675 768 annos
1689 758 1699 768 .

1235 793 1278 826 45
1305 781 1379 825 'Nafi
1393 792 1432 816 ex
1442 779 1627 824 conjecturis
1638 788 1788 826 appareat
1797 781 1834 814 de
1845 775 2043 824 Empbyteusi
2051 786 2106 823 pro
2114 778 2178 815 hae-

1349 826 1649 873 redibussanguinis
1663 850 1673 860 .

1234 883 1278 921 46
1302 875 1438 920 ‘Proutfi
1451 873 1566 956 habea?
1576 872 1736 916 clausulas
1750 884 1813 920 pro
1825 871 1854 909 se
1864 896 1876 912 .
1889 875 1923 908 &
1934 871 2058 918 quibus
2075 870 2177 908 dede-

1349 922 1392 956 rit
1407 947 1416 962 ,
1430 924 1473 958 (φ
1496 923 1551 957 ami
1566 932 1597 955 es
1610 944 1620 954 .

1230 981 1276 1015 47
1302 970 1399 1023 qictte
1421 923 1523 1004 tamin
1536 966 1680 1011 clausula·
1693 966 1802 1003 dehent
1823 964 1869 1012 ess
1868 978 1883 1001 e
1892 965 1992 1014 posita
2003 969 2038 1002 in
2048 967 2100 1010 dis
2092 966 2173 1012 posi-

1299 1018 1384 1050 tivis
1398 1036 1407 1046 -

1228 1067 1274 1108 48
1301 1069 1427 1098 Dantur
1436 1063 1572 1106 casus,in
1583 1059 1700 1108 quibus
1709 1059 1829 1104 etiamsi
1837 1059 2050 1106 Emphyteusis
2062 1058 2178 1097 habeat

1347 1110 1506 1153 clausulas
1516 1109 1560 1146 ad
1574 1107 1777 1147 habendum,
1793 1110 1836 1144 Θ*
1844 1106 1962 1151 fimiles
1975 1130 1985 1146 2
1999 1107 2100 1143 adhuc
2114 1119 2175 1144 non

1344 1157 1386 1201 fit
1406 1157 1581 1201 transitoria
1595 1157 1635 1191 ad
1647 1163 1814 1190 extraneos
1829 1179 1839 1189 .

1232 1216 1279 1249 49
1303 1203 1439 1247 ‘Proutsi
1447 1204 1542 1246 semel
1554 1201 1712 1245 transterit
1724 1204 1765 1238 ad
1778 1210 1945 1237 extraneos
1957 1225 1968 1235 .

1176 1271 1177 1274 =
1234 1262 1276 1296 50
1302 1250 1517 1298 Emphyteufis
1536 1248 1745 1292 Ecclesiastica
1759 1273 1769 1287 ‚
1788 1248 1866 1293 siex
1888 1247 2044 1283 communi
2063 1248 2173 1292 ususit

1348 1299 1545 1334 haereditaria
1556 1321 1565 1336 ,
1578 1305 1653 1332 tunc
1664 1292 1907 1340 fideicommisso
1912 1294 2046 1341 supponi
2056 1294 2150 1331 valet
2160 1319 2172 1330 .

1235 1355 1274 1389 51
1301 1344 1354 1381 Ita*
1368 1343 1502 1380 habetur
1512 1347 1545 1379 in
1560 1345 1644 1388 Reg.
1657 1341 1781 1378 ordin.
1792 1344 1977 1387 Portugall.
1991 1339 2180 1387 lib.5.tit.12

1301 1400 1366 1432 §.L
1990 1415 1993 1418 -

1236 1450 1278 1484 52
1305 1441 1414 1475 Etiam
1424 1440 1456 1473 in
1470 1435 1681 1484 Emphyteusi
1701 1434 1912 1480 Ecclesiastica
1925 1459 1936 1475 ,
1961 1434 2035 1471 licet
2043 1447 2102 1472 non
2113 1436 2178 1472 haea'

1345 1487 1496 1522 reditaria
1510 1482 1787 1528 fideicommissum
1809 1484 1949 1519 ordinari
1958 1480 2053 1528 potest
2066 1507 2077 1522 ‚
2096 1482 2126 1526 si
2137 1483 2181 1518 il-

1344 1533 1402 1622 }{Ad
1409 1532 1470 1576 fiat
1483 1534 1516 1567 in
1528 1528 1777 1575 descendentibus
1798 1528 2026 1577 compraehenfis
2038 1531 2070 1564 in
2081 1530 2178 1565 inve·

1373 1589 1458 1615 ltura
1469 1605 1479 1614 ι

1237 1637 1276 1672 53
1305 1625 1498 1673 Qprobatur
1510 1627 1626 1662 Cama
1636 1623 1732 1660 decis.
1745 1625 1990 1669 portuganae.

1235 1687 1280 1720 54
1302 1673 1429 1720 Possum
1440 1676 1490 1712 ei,
1503 1676 1555 1709 cui
1563 1673 1710 1713 concedo,
1725 1672 1945 1710 alienationem
1957 1694 1968 1710 ‚
1985 1672 2061 1706 dum
2074 1673 2175 1708 vixe-

1349 1734 1384 1757 ro
1394 1748 1403 1762 ‚
1413 1721 1577 1767 probibere
1589 1746 1598 1755 .

1233 1781 1272 1813 55
1303 1768 1519 1815 Emphyteusis
1532 1771 1687 1805 annexari
1695 1770 1803 1817 nequit
1814 1765 1991 1811 majoratui
2003 1789 2014 1800 .

1234 1822 1277 1861 56
1299 1819 1499 1860 Nominatus
1523 1818 1658 1851 videtur
1678 1819 1840 1864 acquirere
1852 1812 1872 1848 a*
1884 1815 2017 1850 Domino
2041 1813 2157 1850 directo
2166 1839 2178 1856 ‚

1350 1875 1410 1898 non
1425 1861 1444 1897 d
1457 1865 1632 1898 nominante
1645 1887 1656 1896 .

1235 1922 1277 1956 57
1303 1916 1342 1945 In
1356 1908 1604 1953 fideicommiffis
1616 1909 1736 1950 institui
1743 1911 1844 1954 solent
1853 1908 2034 1956 capellania
2047 1932 2058 1942 .

1236 1963 1278 2003 58
1302 1964 1390 1994 Bona
1404 1957 1646 2003 Emphyteutica
1669 1970 1727 1993 non
1734 1958 1810 2001 sunt
1827 1956 1952 2003 prorsus
1971 1956 2077 1991 aliena
2088 1979 2099 1996 ‚
2121 1956 2177 2000 sed

1347 2005 1456 2050 aliquo
1469 2006 1556 2040 modo
1568 2006 1664 2040 etiam
1679 2005 1781 2046 nosira
1796 2029 1806 2039 .

1235 2063 1279 2096 59
1303 2051 1513 2097 Emphyteuta
1525 2053 1679 2098 imponere
1691 2053 1799 2097 nequit
1809 2062 1888 2086 onus
1899 2052 2057 2085 nominato
2069 2074 2080 2084 .

1233 2104 1281 2135 60
1306 2103 1392 2187 Onfs
1403 2099 1499 2152 adiici
1509 2097 1603 2144 potest
1612 2100 1645 2134 in
1656 2097 1854 2145 Emphyteusi
1861 2099 1902 2132 ad
1912 2106 2078 2132 extraneos
2087 2104 2177 2133 tran-

1363 2154 1458 2179 ztorta
1471 2170 1478 2179 .

1233 2197 1276 2230 61
1305 2193 1460 2227 Dominus
1469 2193 1604 2226 directus
1613 2191 1776 2238 prohibere
1785 2187 1881 2238 potest
1892 2213 1902 2229 ‚
1913 2190 1951 2226 ne*
1961 2189 2178 2240 Emphyteufis

1308 2238 1553 2284 fideicommisso
1567 2240 1753 2274 vinculetur
1763 2263 1774 2272 .

1233 2291 1277 2323 62
1302 2286 1584 2320 fideicommittens
1597 2284 1758 2331 prohibere
1768 2284 1862 2331 poteri
1873 2285 2004 2321 vocatis
2016 2307 2027 2323 ,
2055 2283 2091 2320 ne
2106 2296 2175 2320 em-

1299 2331 1514 2378 phyteuticent
1525 2331 1604 2367 bona
1617 2338 1640 2365 F
1642 2332 1847 2379 ideicommisf
1843 2336 1912 2368 aria
1923 2355 1932 2365 .

1235 2384 1278 2425 63
1306 2382 1383 2423 Non
1392 2376 1526 2420 obstante
1534 2377 1903 2424 prohibitionetesiatoris
1915 2377 2171 2423 Emphyteutica-

1349 2427 1432 2460 catio
1443 2425 1631 2468 substinetur
1641 2427 1682 2460 ad
1691 2428 1799 2461 vitam
1810 2427 1922 2462 vocati
1936 2449 1944 2458 .

1232 2478 1280 2519 64
1301 2471 1448 2508 ‘Probitio
1469 2473 1807 2518 Emphyteuticationis
1830 2469 2050 2518 comprobatur
2066 2483 2106 2506 ex
2117 2483 2151 2506 eo
2165 2496 2176 2511 ,

1349 2517 1430 2566 quod
1452 2520 1733 2554 Fideicommittens
1746 2521 1868 2555 mandet
1881 2543 1891 2558 ‚
1918 2527 1956 2553 ut
1967 2516 2047 2553 bona
2056 2517 2176 2564 semper

1352 2567 1442 2601 unita
1454 2574 1654 2611 permaneant
1666 2591 1676 2600 .

1234 2619 1276 2657 65
1304 2612 1512 2659 Emphyteuta
1524 2625 1630 2648 nocere
1639 2614 1749 2659 nequit
1758 2615 1872 2649 diretta
1884 2613 2014 2648 Domino
2028 2635 2039 2644 .

1232 2667 1280 2700 66
1304 2663 1388 2697 Satis
1397 2659 1569 2702 consultum
1578 2658 1870 2704 remanetamiffioni
1878 2660 2107 2696 laudemiorum
2116 2665 2165 2702 pei

1348 2706 1570 2754 praestationem
1581 2707 1841 2752 quindenniorum
1854 2731 1864 2741 .

1237 2760 1282 2799 67
1308 2756 1417 2801 Opinio
1440 2756 1609 2789 tenentium
1633 2753 1861 2800 Emphyteusim
1879 2765 1937 2788 non
1946 2751 2017 2799 posJ'
2012 2763 2027 2785 e
2040 2751 2174 2797 supponi

1353 2798 1594 2846 fideicommiss'o
1608 2825 1618 2839 ‚
1633 2799 1671 2839 esi
1684 2798 1791 2835 contra*
1800 2810 1992 2834 communem
2002 2822 2011 2836 ,

1236 2853 1281 2886 68
1307 2849 1427 2884 Taliter
1442 2856 1577 2882 tenentes
1590 2859 1648 2883 non
1667 2849 1930 2882 animadvertunt
1952 2846 1994 2880 ad
2006 2846 2176 2880 remedium

1355 2896 1615 2941 quindenniorum
1627 2919 1637 2928 .

1239 2947 1284 2986 69
1312 2940 1526 2988 Emphyteufis
1540 2942 1688 2977 alienatio
1700 2939 1947 2983 estfacultativa
1960 2961 1970 2971 .

1237 3002 1286 3035 70
1311 2987 1526 3035 Emphyteufis
1535 2991 1710 3024 conceditur
1722 3011 1732 3025 2
1753 2995 1789 3021 ut
1801 2986 1885 3032 apud
1904 2984 2149 3031 emphyteutam
2161 3009 2172 3025 ,

1356 3035 1484 3083 ejusque
1494 3035 1626 3069 haeredes
1633 3032 1777 3082 perpetuo
1781 3032 1822 3074 sit
1833 3056 1844 3065 .
2129 3040 2133 3043 ’

1237 3095 1258 3123 7
1266 3096 1280 3119 1
1309 3080 1522 3128 Emphyteusis
1532 3082 1563 3115 in
1573 3084 1677 3116 eadem
1681 3080 1810 3123 familia
1821 3075 1969 3124 pluribus
1986 3081 2076 3114 annis
2088 3077 2172 3115 citrei

1355 3129 1575 3163 alienationem
1586 3129 1699 3162 durare
1707 3123 1802 3171 petest
1815 3149 1824 3159 .

1237 3189 1258 3220 7
1265 3189 1281 3212 2
1308 3176 1552 3210 Laudemiorum
1561 3173 1801 3207 emolumentum
1810 3172 1920 3214 pendet
1929 3171 1970 3208 ab
1981 3173 2082 3208 alieno
2091 3171 2176 3208 arbi-

1354 3223 1416 3256 trio
1430 3244 1440 3259 ,
1453 3218 1608 3263 habetque
1614 3219 1648 3260 s'e
1659 3219 1700 3253 ad
1712 3216 1766 3263 esse
1779 3243 1790 3258 ‚
1799 3220 1842 3254 Θ·
1852 3230 1910 3254 non
1921 3218 1978 3265 esse
1987 3244 1997 3253 .

1238 3282 1279 3313 73
1310 3269 1517 3303 Laudemium
1524 3265 1663 3312 suppleri
1671 3263 1766 3311 potest
1779 3266 1957 3312 quindennii
1963 3266 2116 3309 solutione
2129 3289 2140 3300 .

1239 3327 1287 3360 74
1311 3313 1475 3349 Laudemii
1486 3314 1690 3347 commoditas
1707 3313 1756 3346 uti
1779 3313 1910 3348 veniens
1918 3312 2079 3359 necessarie*
2088 3336 2099 3353 ‚
2114 3324 2174 3348 non

1358 3358 1398 3401 esi
1411 3357 1550 3393 habenda
1564 3357 1847 3402 inconsideratione
1856 3383 1868 3395 .

1913 3415 1956 3451 75
1983 3411 2043 3449 ΚΒ·
