2295 3757
126 338 150 370 6

122 1144 147 1179 7

126 1325 147 1360 8

124 1665 150 1700 9

102 2609 148 2634 10

389 128 691 195 Doctores
711 127 846 216 post
869 130 1242 198 Trastatum
1262 132 1341 197 de
1359 130 1825 218 Qindenniis'.
1871 160 1999 223 507

124 242 154 275 1³
177 251 256 277 cum
268 243 367 278 Voto
378 241 588 280 collateralis
598 243 738 280 Consilii
749 252 903 290 tempore
918 244 1052 289 Regen—

170 288 214 323 tis
232 289 382 325 Fornarii
396 313 406 324 .

223 337 266 370 Et
276 335 420 382 respectu
432 335 632 372 releviorum
646 362 656 376 ,
679 337 822 385 quando
839 336 1046 373 Universita-

173 390 224 418 tes
237 382 407 428 poffident
421 382 539 422 feuda,
563 393 721 420 tenentur
741 384 879 431 singulis
900 384 1046 431 quinde-

171 429 240 464 cim
267 431 365 466 annis
385 428 505 465 solvere
528 430 653 467 relevia
666 456 675 470 ,
698 443 772 479 qua·
791 432 955 467 debentur
967 431 1043 478 post

169 486 315 512 mortem
329 476 507 513 feudatatii
523 503 533 518 ,
558 476 707 513 fatentur
729 479 821 514 idem
834 486 875 515 D.
891 485 967 524 Reg.
984 485 1045 523 Ro-

167 525 235 559 vit.
257 523 316 560 loc.
330 533 384 560 cet.
409 534 556 569 num-29.
583 525 762 561 noviffime'
776 532 894 573 Capan.
908 528 946 560 de
957 524 1042 572 Jur.

167 570 289 606 releviu‘
298 571 583 618 par.4.quaess.27.
602 575 792 614 nm.7.&·8.
818 572 873 607 ubi
889 570 1042 608 affirmat

169 616 205 651 in
217 619 310 663 praxi
326 642 336 657 ,
359 617 458 663 quod
471 620 616 663 quando
627 631 684 670 per-
698 619 940 655 Cancellariam
953 619 986 654 iu
1003 619 1042 654 si-

1111 253 1184 279 rent
1215 247 1363 282 valorem
1387 257 1581 283 annuorum
1605 260 1658 292 24.
1684 251 1885 287 florenorum
1910 256 1984 290 de)

1109 292 1254 329 Camera
1270 318 1279 332 ‚
1308 304 1369 328 nec
1391 305 1458 329 non
1484 296 1601 330 eadem
1628 298 1829 332 Mouastetia
1852 323 1860 336 ,
1889 302 1980 334 l’rio-

1107 348 1200 374 ratus
1214 363 1223 378 ,
1241 340 1497 386 Praepofituras,
1517 341 1711 387 Dignitates
1724 369 1732 381 .
1759 344 1975 384 l’ersonatus‚

1105 386 1426 423 Administrationes
1441 412 1451 428 ,
1478 387 1632 429 Officia,
1660 393 1694 425 δι
1721 391 1888 426 Beneficia
1907 393 1980 427 uni-

1105 441 1140 468 ta
1163 431 1287 481 semper
1302 434 1494 477 hujusmodi
1518 447 1605 472 onus
1631 434 1809 473 solutionis
1824 450 1978 474 commu-

1104 479 1198 514 nium
1215 504 1227 519 ,
1255 484 1288 515 δε
1310 482 1523 518 minutorum
1542 482 1751 520 servitiorum
1771 510 1781 525 ‚
1806 497 1847 521 ac
1871 496 1977 522 anna-

1102 536 1214 562 tarum
1235 551 1246 566 ,
1279 531 1312 563 δε
1332 529 1474 569 aliorum
1501 530 1629 577 Jurium
1653 533 1891 578 praediftorum
1920 533 1977 568 ha-

1101 573 1223 630 buisse,
1244 577 1284 628 ,δι
1297 575 1417 631 habere
1429 589 1507 613 cum
1529 578 1673 615 clausula
1681 578 1814 622 sublata
1823 605 1834 620 ,
1861 583 1904 617 (φ
1917 587 1979 616 De-

1100 629 1184 656 creto
1196 630 1337 657 irritanti
1349 649 1358 658 .

167 664 306 700 milibus
317 665 516 710 praestantur
528 669 668 702 aslenlus
682 692 690 706 ,
702 667 860 702 adiicitur
872 665 1014 702 clausula
1031 692 1040 707 ,
1146 670 1261 704 Immo
1281 671 1366 706 'Pius
1388 677 1480 718 Papa
1491 679 1532 709 V.
1553 675 1586 708 in
1599 672 1669 719 ejus
1681 674 1902 716 constitutione
1918 678 1974 720 38.
2003 687 2016 710 1
2028 687 2042 711 ι

168 711 331 747 άιιηυηιοάὸ
345 711 509 753 solvatur
525 714 683 749 relevium
691 714 826 760 singulis
847 715 1048 760 quindecim-s
1104 714 1178 750 illas
1192 716 1378 756 innovavit,
1392 719 1594 756 confirmavi
1599 726 1658 760 μδ(
1671 723 1828 763 extensit,
1842 723 1973 759 etiamsi

171 760 282 797 annis,
303 757 449 794 subdens
475 759 701 807 supradictam
723 759 905 796 clausulam
920 759 1044 805 semper-
1104 772 1303 807 apparerent
1317 766 1458 802 uniones
1471 765 1564 805 faetae
1575 768 1746 814 quibusvis
1757 770 1976 805 Cacliedrali-

169 804 459 850 apponi‚quando
472 806 573 844 feuda
585 806 753 844 transeunt
764 809 808 844 ad
821 818 940 843 manus
955 820 1044 844 mor-
1104 809 1168 844 bus
1179 811 1286 845 etiam·
1297 814 1578 858 Metropolitanus,
1589 815 1639 850 seu
1652 815 1857 862 Collegiatis
1866 819 1976 853 Eccle-

169 860 299 891 tuas‚ut
310 851 530 891 indemnitati
544 855 651 890 Curiae
664 855 936 901 provideatur-,81
948 853 1044 900 quod
1104 855 1159 891 fiis
1171 881 1180 895 ‚
1204 867 1263 892 aut
1275 859 1527 906 capitularibus
1543 863 1662 898 Mensis
1676 889 1684 902 ,
1697 864 1801 899 etiam
1814 875 1876 908 pro
1887 875 1975 909 qum

167 897 261 933 idem
275 897 424 937 servatur
438 902 472 937 in
489 902 632 938 Ecclesia
645 904 714 946 jani
728 901 915 946 possidente
930 900 1049 940 feuda,
1103 902 1249 938 tidianis
1257 904 1553 945 distributionibus
1566 934 1574 948 ,
1601 919 1662 945 aut
1674 910 1751 946 aliis
1763 912 1873 946 usibus
1888 937 1896 951 ,
1911 922 1972 946 nec

173 944 288 992 sicque
310 948 402 984 fuisl'e
426 949 575 984 decisum
592 975 601 989 ‚
628 953 660 984 ὃ(
681 959 884 996 exequutum
909 949 942 984 in
954 959 1045 983 anno
1102 960 1173 985 non
1190 952 1351 994 Collegiis
1363 978 1372 992 ‚
1398 954 1680 993 Universitatibus
1694 983 1703 997 ‚
1729 958 1977 1004 congregatio-

122 1020 125 1023 *
176 996 283 1038 16¹4.
305 995 339 1030 in
362 996 471 1031 Causa
486 995 679 1032 Monasterii
697 995 829 1032 Montis
847 995 972 1030 Oliveti
987 1006 1043 1040 per
1101 996 1203 1033 nibus
1214 1001 1416 1044 quorumvis
1432 1004 1601 1039 Ordinum
1617 1029 1626 1043 ,
1652 1004 1882 1043 Monasteriis‚
1902 1007 1974 1039 Do-

171 1040 324 1087 Regium
339 1041 467 1078 Fiscum
482 1068 491 1082 ‚
514 1043 590 1078 vide
602 1045 705 1078 etiarn
716 1048 861 1078 Montan.
870 1045 904 1077 in
917 1050 946 1082 ς.
957 1049 1044 1078 Ῥνωε-
1101 1044 1682 1091 mibiisHospitalibus,fabricis,ac
1695 1050 1863 1099 utriusque
1876 1049 1970 1086 sexus

172 1087 262 1124 terea*
273 1097 304 1130 §.
327 1091 361 1125 si
371 1091 446 1136 quis·
456 1090 637 1134 infeudatus
658 1100 861 1133 numer-525.
869 1088 928 1132 sub
941 1090 990 1124 lit.
1004 1092 1045 1124 T·
1101 1091 1316 1138 personarum
1331 1093 1396 1139 piis
1411 1095 1507 1132 Locis
1519 1124 1528 1137 ,
1547 1099 1769 1144 quantumvis
1779 1098 1968 1144 privilegia-

171 1138 207 1171 &
227 1136 326 1190 quod
346 1136 488 1183 quando
510 1137 769 1176 Universitates,
794 1145 977 1182 caeteraque
993 1138 1044 1171 lo·
1103 1138 1170 1178 tis,
1190 1143 1223 1174 δι
1241 1140 1408 1187 exemptis
1422 1140 1481 1178 sub
1492 1143 1756 1191 quibuscumque
1771 1145 1942 1181 tenoribus
1955 1169 1966 1184 ,

168 1193 213 1218 ca
246 1184 478 1220 investituram
505 1195 573 1219 non
597 1184 762 1230 petierunt
780 1182 820 1219 inv
838 1183 961 1229 quinto
983 1182 1042 1219 de-
1102 1189 1135 1220 &
1148 1183 1267 1222 formis
1280 1187 1474 1233 Apostolica
1486 1191 1712 1230 authoritate,
1722 1191 1774 1227 seu
1788 1194 1873 1229 alias
1883 1203 1969 1239 quo-

175 1229 269 1266 cimo
290 1242 382 1266 anno
396 1255 406 1271 ‚
429 1242 531 1277 poena
553 1230 716 1276 duplicati
741 1229 851 1266 relevii
876 1231 1043 1266 muletan·
1102 1234 1295 1270 modolibet
1311 1260 1320 1269 .

176 1278 335 1317 tur,idem
349 1284 465 1324 capa—n.
479 1276 640 1325 quassa&
650 1282 772 1314 num.6.
785 1279 1021 1329 &qu-34²³gl·
1150 1281 1193 1315 Et
1214 1282 1353 1318 tandem
1378 1286 1490 1321 Sixtus
1509 1293 1599 1332 Papa
1612 1295 1652 1325 V.
1665 1298 1720 1335 per
1733 1288 1857 1324 sultam
1872 1300 1924 1332 33.
1939 1291 1973 1325 in
2000 1298 2045 1322 12

222 1325 329 1372 Qod
355 1323 504 1360 similiter
540 1323 605 1359 fuit
631 1324 794 1360 statutum
813 1323 855 1359 in.
871 1325 1045 1361 Beneficiis
1102 1329 1209 1363 ordine
1234 1330 1371 1366 Bullarii
1383 1336 1464 1368 novi
1478 1333 1538 1376 sub
1552 1337 1601 1370 die
1616 1348 1667 1379 14.
1689 1335 1777 1381 Maii
1793 1339 1891 1372 1586.
1903 1333 1974 1370 san-

173 1371 427 1411 Ecclesiasticus,
452 1370 635 1416 dequibus
655 1369 967 1407 solvuntur-annam
979 1373 1044 1407 Ca-
1103 1374 1198 1414 civit,
1212 1377 1458 1422 compraehendi
1475 1380 1532 1416 sub
1545 1382 1645 1420 dietis
1661 1382 1976 1418 Constitutionibus

174 1429 271 1453 merae
286 1421 313 1452 A
318 1417 489 1463 postolicae
501 1442 510 1457 ,
530 1428 608 1453 nam
621 1417 760 1464 quando
774 1418 933 1454 uniuntur
943 1419 1042 1454 alicui
1104 1421 1260 1458 Uniones
1269 1447 1279 1462 ,
1292 1427 1325 1458 &
1337 1426 1565 1467 Annexiones,
1578 1429 1887 1473 Incorporationes,
1902 1434 1972 1475 Ap-

172 1464 322 1500 Ecclesiae
334 1491 342 1505 ‚
366 1474 446 1501 tunc
459 1475 591 1500 tenetur
604 1465 762 1510 predicta
783 1465 924 1500 Ecclesia
936 1466 1044 1510 singu—
1104 1469 1302 1513 plicationes
1314 1495 1324 1510 ,
1349 1475 1382 1506 &
1396 1473 1643 1510 Submiffiones
1653 1476 1694 1510 de
1709 1474 1974 1522 quibuscumque

171 1511 217 1547 lis
229 1512 421 1558 quindecim
448 1514 544 1548 annis
568 1511 690 1546 solvere
711 1513 1044 1559 annataspraedietas
1103 1516 1277 1552 Beneficiis
1292 1518 1528 1557 Ecclesiasticis
1539 1522 1610 1557 tam
1625 1522 1853 1561 saecularibus,
1867 1526 1975 1569 quam

167 1560 269 1603 juxta
297 1555 572 1595 Constitutiones
593 1556 885 1604 infrascriptotum.
903 1559 1046 1596 Pontifi-
1104 1565 1355 1607 Regulan'bus„
1378 1566 1508 1602 etiamsi
1523 1570 1723 1605 Monasteria.
1749 1570 1949 1606 Monialium
1964 1595 1976 1612 ,

169 1616 249 1643 cum
265 1631 279 1642 .
1105 1613 1138 1645 &
1149 1609 1471 1654 Hospitaliafuerint
1481 1640 1490 1654 ‚
1503 1627 1577 1662 quae
1591 1626 1703 1652 tamen
1717 1626 1871 1662 tempore
1888 1616 1979 1662 ipsa-

180 1666 181 1669 *
225 1655 318 1690 Nam
339 1654 466 1691 ‘Paulus
476 1656 521 1690 LI.
539 1662 595 1701 per-
603 1656 765 1700 quandam
775 1654 1047 1698 constitutionem
1104 1669 1179 1693 rum
1196 1658 1398 1698 unionum,
1413 1662 1503 1699 Cura
1515 1687 1524 1702 ‚
1549 1663 1727 1699 Conventu
1739 1688 1748 1702 ‚
1761 1667 1792 1698 &
1805 1662 1969 1709 Hospita·

165 1700 229 1744 sub
254 1703 363 1738 datum
388 1704 466 1737 Idus
484 1701 648 1749 Januarii
671 1713 751 1736 anno
768 1707 869 1745 ¹469·
876 1703 999 1746 sextam
1011 1705 1044 1737 in
1104 1705 1198 1740 litate
1209 1706 1397 1746 caruerint,
1423 1711 1472 1744 vel
1489 1710 1511 1744 si
1526 1712 1622 1755 plura
1633 1710 1797 1746 Beneficia
1813 1710 1970 1745 unicisli-

171 1750 279 1789 ordine
294 1750 327 1784 in
339 1759 427 1785 novo
452 1749 612 1787 Bullario,
635 1747 784 1794 expresse
798 1750 915 1785 statuit
931 1774 941 1788 ‚
965 1753 1044 1785 Mo-
1103 1753 1438 1799 rerlscompraehensa
1453 1755 1517 1792 sint
1527 1781 1537 1796 ‚
1562 1768 1706 1803 quorum
1729 1755 1904 1804 quodlibet
1915 1768 1974 1793 an-

170 1795 314 1830 nasteria
326 1821 337 1836 ,
360 1794 535 1832 Priotatus
548 1820 557 1834 ‚
586 1795 823 1840 Praepositutas
836 1820 851 1836 ,.
880 1797 1043 1841 Dignita-
1102 1810 1189 1835 nnus
1212 1803 1307 1837 valor
1319 1812 1375 1847 24.
1402 1801 1549 1840 ducatos
1571 1804 1642 1840 auri
1653 1805 1695 1840 de
1706 1806 1850 1840 Cameta
1863 1803 1977 1840 secun-

167 1851 239 1883 tes,
266 1842 485 1884 personatus,
510 1842 834 1878 Administrationes
845 1868 855 1883 ,
883 1843 1016 1880 Officia
1032 1869 1043 1885 ,
1101 1847 1185 1883 dum
1195 1858 1451 1885 commmunem
1463 1851 1715 1888 aestimationem
1728 1863 1796 1888 non
1808 1851 1950 1887 excedat
1961 1875 1972 1890 ‚

168 1893 204 1925 δε
239 1890 409 1927 Beneficia
441 1890 646 1937 quibuslibet
671 1890 755 1925 aliis⁴
769 1889 932 1927 similibus
946 1918 955 1931 ‚
980 1901 1041 1927 aut
1100 1895 1297 1932 dummodo
1309 1906 1426 1934 tamen
1446 1898 1602 1935 omnium
1626 1898 1755 1935 insimul
1768 1900 1863 1934 illum
1876 1908 1968 1935 tran-

168 1938 274 1973 etiam
289 1937 436 1973 Fabricis
450 1963 458 1977 ,
473 1941 505 1972 δι
518 1936 594 1971 Piis
602 1936 811 1973 Locisunita
823 1964 830 1976 ‚
843 1949 904 1982 pro
916 1938 1042 1985 quibus
1101 1940 1236 1978 scendat
1247 1967 1257 1983 ,
1269 1943 1472 1992 cuicumque
1482 1946 1642 1986 Ecclesiae.
1656 1945 1857 1982 monasterio
1868 1970 1880 1985 ‚
1891 1946 1974 1980 Col-

170 1987 324 2021 Camerae
350 1983 552 2029 Apostolicae
581 1987 744 2023 Annata,
762 1982 815 2020 seu
837 1985 904 2020 alia
930 1986 1040 2030 lura-2
1100 1990 1193 2036 legio
1207 2015 1217 2030 ‚
1230 1991 1384 2033 Domui«,
1399 1992 1559 2035 societati
1575 2018 1585 2034 ,
1599 1993 1867 2039 Congregationi
1882 2019 1892 2033 ,
1907 1993 1975 2027 Or-

169 2031 252 2069 solvi
262 2030 507 2067 consueverant
519 2055 529 2069 ‚
543 2033 593 2066 vel
606 2043 678 2076 quae
692 2031 839 2070 debeant
851 2043 1014 2069 annatam
1028 2058 1040 2073 ‚
1099 2036 1199 2077 dini,
1213 2038 1364 2079 Militiae,
1377 2038 1546 2085 Hospitali
1562 2065 1580 2080 ,v
1599 2040 1784 2076 seminario
1798 2064 1811 2080 ‚
1838 2049 1897 2076 aut
1906 2039 1975 2075 alio

169 2079 238 2115 sive
261 2078 396 2114 medios
418 2077 544 2115 fruetus
568 2079 672 2113 unius
691 2079 791 2119 anui,
814 2078 849 2114 in
870 2080 1038 2126 posterum
1099 2086 1195 2120 Loco
1206 2085 1435 2133 pi0,t;¹1m.per
1445 2085 1676 2134 quoscumque
1687 2089 1866 2123 Romanos
1882 2089 1973 2123 Pon-

170 2127 315 2171 singulis
335 2125 530 2172 quindecim
551 2128 648 2161 annis
667 2128 835 2171 perpetuo
853 2126 1041 2172 sequuturis
1102 2130 1208 2168 tifices
1222 2157 1232 2172 ,
1243 2131 1398 2179 Sedisque
1413 2134 1616 2180 Apostolicae
1629 2135 1788 2180 Legatos,
1803 2134 1971 2172 Nuncios2

170 2171 294 2210 solvere
306 2172 408 2209 teneri
422 2199 432 2212 ,
455 2176 486 2207 &
512 2172 652 2212 debere;
674 2173 763 2226 &cad
776 2173 842 2209 hoc
856 2186 934 2214 eos,
955 2187 1042 2222 quo-
1102 2183 1137 2215 &
1170 2179 1254 2216 alios
1280 2179 1510 2228 quoscumque
1543 2182 1785 2228 subdelegatos
1799 2206 1809 2222 ‚
1835 2186 1867 2218 &
1888 2181 1975 2217 alias

171 2220 392 2257 ruminterest
414 2218 502 2255 infra
519 2220 599 2255 :mni
626 2220 770 2265 spatium
796 2221 828 2256 in
843 2222 962 2258 eadem
975 2225 1043 2260 Ca-
1101 2227 1365 2274 quomodolibet
1382 2228 1589 2265 authoritate
1612 2229 1810 2273 Apostolica
1834 2255 1845 2269 ,
1864 2230 1972 2275 quam

173 2279 264 2303 mera
283 2278 362 2303 cum
382 2265 499 2302 effecftu
523 2267 568 2302 ad
588 2266 675 2302 hanc
697 2261 898 2303 solutionem
912 2270 1043 2315 obliga·
1101 2285 1161 2322 per
1174 2276 1499 2323 quemcumqueloci
1514 2276 1737 2312 Ordinarium
1750 2275 1909 2316 Ειᾶειεβι
1922 2274 1972 2310 fa-

170 2325 207 2350 re
220 2314 339 2350 debere
352 2338 362 2348 .
387 2315 429 2348 Et
443 2314 466 2347 fi
482 2316 503 2348 a
516 2313 678 2350 solutione
691 2338 702 2354 ‚
722 2325 783 2350 aut
803 2316 1043 2362 obligatione)
1101 2321 1251 2362 ciendas,
1261 2322 1392 2358 etiamsi
1404 2322 1878 2370 manualia,Jutispatronatus
1886 2324 1975 2367 Lay-

170 2362 332 2408 praedifia
351 2362 475 2396 cessare.
495 2360 728 2406 praesumerent
739 2387 748 2402 ,
775 2365 928 2399 Uniones
943 2390 952 2404 ‚
974 2369 1044 2401 Au·
1101 2372 1339 2416 corum‚quam
1350 2371 1566 2418 Imperatoris
1579 2375 1644 2406 &c.
1654 2373 1697 2406 Et
1711 2371 1885 2417 propterea
1897 2381 1972 2405 orn-

171 2408 339 2444 nexiones
349 2432 359 2446 ,
374 2411 407 2442 &
422 2408 722 2452 incorporatione-s
736 2409 927 2452 hujusmodi
941 2412 1044 2448 habe·
1101 2416 1159 2452 nia
1172 2442 1182 2456 ‚
1205 2420 1240 2452 δι
1262 2416 1392 2463 singula
1414 2418 1634 2455 Ecclesiarum
1647 2419 1806 2462 Capitula
1821 2423 1884 2453 διε.
1898 2421 1972 2452 Mo-

172 2454 204 2491 ri
226 2455 376 2500 poenitus
396 2465 460 2500 pro
481 2453 613 2506 infessis
627 2479 638 2494 ‚
663 2459 697 2491 &
711 2457 865 2493 sicunita
876 2463 1042 2505 tanquam
1103 2463 1257 2504 nasteria,
1273 2467 1307 2499 &
1319 2464 1375 2507 pia
1387 2465 1478 2500 Loca
1489 2489 1499 2504 ‚
1515 2469 1548 2500 δε
1562 2477 1625 2511 pro
1638 2465 1703 2500 suis
1715 2465 1823 2506 alios,
1835 2466 1869 2500 in
1883 2476 1974 2510 quo*

173 2502 254 2537 vere
279 2504 438 2537 vacantia
459 2504 550 2548 polle
574 2501 674 2538 iibere*
696 2505 718 2540 ἐι
745 2505 828 2541 Sede
843 2506 1044 2551 Apostolica
1102 2522 1177 2546 rum
1190 2509 1342 2547 favorem
1356 2512 1499 2548 uniones
1512 2537 1522 2552 ,
1536 2512 1972 2558 annexionesdumrpora·

174 2548 372 2595 impetrari.
879 2558 882 2559 ’
1101 2558 1214 2594 υἰοηεε
1226 2584 1236 2599 ,
1248 2558 1501 2605 applicationes,
1513 2563 1546 2594 δι
1557 2558 1790 2594 submissiones
1800 2557 1973 2602 hujuszno-

217 2601 335 2644 Qam
356 2595 650 2634 Constituti-onem
661 2600 792 2636 Paulus
811 2608 904 2649 {Papa
917 2607 976 2639 IV.
986 2612 1042 2650 per
1098 2605 1135 2642 di
1145 2604 1240 2642 faotae
1251 2605 1455 2651 reperiantur
1466 2633 1474 2648 ‚
1495 2605 1645 2642 autinde
1658 2606 1741 2642 fiant
1754 2632 1764 2647 ‚
1789 2616 1974 2653 quantum-

171 2644 271 2679 aliam
286 2642 474 2686 Ballamsub
486 2645 596 2679 datum
610 2657 663 2682 ιο.
678 2648 809 2683 Kalend.
824 2648 992 2686 Februarii
1004 2656 1041 2687 de
1098 2665 1244 2700 cumque
1269 2663 1431 2699 exemptae
1451 2678 1462 2693 ,
1497 2658 1533 2689 δ(
1566 2653 1782 2700 privilegiatae
1802 2654 1970 2689 existant,

173 2703 255 2727 anno
270 2693 372 2736 150&
392 2693 424 2725 in
437 2691 541 2726 ordine
553 2695 635 2727 novi
649 2695 787 2730 Bullarii
799 2700 853 2738 1'7.
865 2697 1040 2743 ampliavit
1098 2701 1226 2736 etiamsi
1241 2699 1270 2736 se
1282 2699 1467 2746 superinde
1479 2701 1514 2737 in
1529 2701 1678 2737 Camera.
1689 2700 1884 2746 Apostolica
1895 2711 1968 2734 nonv

172 2738 217 2773 ad
228 2748 348 2772 omues
359 2738 651 2782 congregationes
664 2743 735 2776 tam
746 2741 921 2783 saeculares,
934 2746 1039 2790 quam
1099 2746 1326 2793 obligaverint
1338 2773 1347 2788 ,
1368 2747 1568 2784 dummodo
1585 2747 1750 2784 Beneficia
1774 2747 1850 2794 ipsa.
1870 2745 1972 2790 poffi-

172 2786 381 2830 Regular-es,
406 2785 510 2819 etiam
534 2785 914 2830 Ordiniscaffinenfis,
940 2796 1041 2828 Mon·
1098 2795 1227 2834 deant,
1240 2793 1286 2830 ad
1299 2792 1501 2831 solutionem
1511 2795 1795 2842 quindenniorum
1811 2792 1970 2840 praefato·

170 2832 217 2868 tis
228 2831 354 2867 Oliveti
370 2856 379 2872 ‚
403 2842 443 2867 ac
456 2832 722 2882 Camaldulensis
735 2861 746 2876 ‚
765 2837 967 2874 mandando
984 2850 1042 2885 pa·
1101 2853 1176 2878 rum
1188 2841 1319 2877 ratione
1332 2841 1498 2878 unionum
1519 2847 1584 2879 &c.
1595 2842 1730 2887 singulis
1740 2840 1971 2888 quindecim-v.

173 2879 273 2920 iliter,
285 2877 420 2914 eosdem
443 2879 531 2924 Poste
550 2879 689 2924 cogiad
711 2881 817 2926 ipsum
843 2895 900 2929 pet
918 2883 1043 2922 senten-
1101 2888 1301 2924 annisadle
1316 2912 1335 2928 ‚.
1347 2900 1422 2935 quo
1441 2889 1502 2925 511ae
1523 2887 1616 2926 suum
1627 2888 1752 2925 fortitae
1764 2886 1884 2922 fuerint
1895 2883 1973 2919 effe-

172 2926 241 2962 tias
253 2951 264 2966 ,
290 2924 443 2962 censuras
455 2951 464 2966 ,
487 2929 520 2960 &
544 2937 664 2971 poenas
688 2928 792 2964 etiam
816 2930 1018 2976 privationis
1030 2958 1042 2973 ,
1103 2938 1195 2972 <stum
1207 2937 1305 2980 juxta
1319 2945 1470 2972 tenorem
1490 2937 1660 2973 literarum
1674 2935 1907 2985 praedffiarutn
1922 2940 1971 2966 te-

115 2982 119 2984 ·
171 2972 401 3009 dissolutionis
417 2972 580 3008 unionum
593 2997 603 3012 ,
624 2974 872 3016 annexionum,
886 2982 919 3013 δι
929 2979 1044 3015 incor-
1102 2982 1196 3024 neri,
1216 2987 1250 3018 &
1261 2982 1435 3029 obligatos
1443 2983 1505 3020 esse
1518 3008 1529 3023 ,
1553 2986 1585 3018 δι
1609 2982 1656 3017 ad
1669 2982 1705 3016 id
1718 2980 1807 3026 posse
1818 2989 1896 3031 cogi
1909 2988 1968 3030 pet

112 3038 118 3043 ·
174 3021 394 3066 potationum
406 3045 422 3060 ‚.
439 3018 491 3055 seu
512 3019 765 3056 submissmnum
783 3024 1042 3067 praedistarum,
1100 3029 1312 3070 sententias,
1335 3029 1488 3067 censuras
1499 3055 1510 3071 ,
1532 3034 1566 3066 &
1587 3038 1709 3072 poenas
1731 3025 1854 3067 idipsis
1868 3029 1974 3060 literis

173 3069 278 3108 adeo,
288 3078 326 3104 ut
337 3069 428 3104 nulla
439 3065 541 3113 poffit
563 3070 739 3113 opponi-ex
745 3071 856 3114 ceptio
873 3070 1044 3116 illiquidap
1101 3086 1304 3113 contentas..
1644 3117 1647 3119 ¹

173 3113 278 3151 tionis
303 3114 384 3150 faeti
405 3112 659 3150 circadebitum
671 3126 803 3152 annatae
815 3142 824 3155 ,
850 3120 883 3152 δι
897 3118 1041 3154 aliorum
1149 3123 1346 3167 Ampliatut
1356 3125 1480 3171 primo,
1493 3133 1532 3159 ut
1540 3120 1824 3168 quindenniorum
1834 3120 1971 3157 exaffio
1996 3130 2010 3154 1
2019 3129 2039 3163 ς

170 3159 305 3205 “jurium
318 3163 468 3198 Camerae
481 3187 491 3203 ‚
512 3172 586 3208 quae
608 3163 805 3198 communia
818 3161 950 3201 servitia
959 3176 1041 3200 nun-

171 3217 363 3248 cupantur,
383 3209 452 3244 Sub
472 3220 542 3254 qua
555 3210 648 3243 Bulla
661 3210 920 3255 comprehendit
932 3211 1042 3247 tam-0

174 3254 358 3295 Ecclefias,
381 3255 632 3291 &Mouasteria
657 3257 835 3298 Virorum,
863 3268 1043 3303 quaetaxa-

1101 3171 1216 3206 locum
1229 3170 1354 3206 habeat
1364 3184 1432 3207 non
1445 3170 1552 3206 solum
1568 3170 1612 3204 ad
1629 3167 1780 3204 favorem
1795 3169 1948 3204 Camerae
1962 3192 1973 3207 ,

1101 3215 1158 3251 sed
1170 3217 1272 3252 etiarn
1285 3219 1426 3253 aliorum
1440 3217 1486 3252 ab
1502 3227 1542 3252 ea
1555 3218 1613 3252 Ius
1625 3214 1843 3256 habentium,
1865 3214 1908 3251 ne
1917 3226 1976 3263 per

1101 3261 1351 3299 conceffionem
1359 3266 1389 3297 A
1393 3263 1592 3309 postolicam
1601 3274 1717 3298 eorum
1727 3263 1808 3308 Iura
1818 3262 1978 3299 minuan-

174 3309 212 3333 ta
234 3301 449 3346 reperirentur
473 3302 506 3338 in
531 3303 623 3339 libris
646 3303 796 3339 Camerae
812 3329 822 3344 ‚
845 3306 959 3350 quam.
973 3317 1049 3340 om-
1107 3317 1183 3346 tur,
1205 3318 1306 3353 prout
1329 3309 1556 3345 consideravit
1580 3316 1663 3354 Rota
1675 3316 1818 3354 Romana
1829 3311 1916 3357 apud
1928 3315 1982 3346 Se-

174 3357 234 3380 nes
246 3346 462 3393 Dignitates.,
482 3348 700 3390 Personatus,
727 3350 855 3387 Officia
869 3377 878 3391 ,
901 3356 932 3387 δε
948 3353 1050 3387 Bene·
1109 3354 1547 3402 raphin-dec.1401.num.3.
1561 3359 1605 3393 ψ
1622 3368 1723 3401 1410·

174 3393 255 3430 ficia
280 3395 459 3432 Saecularia
478 3419 490 3436 ,
522 3400 558 3432 ὅ(
580 3398 763 3443 Regularia
782 3423 795 3441 ,
818 3411 892 3445 quae
913 3398 1054 3436 excede·
1160 3403 1203 3438 Et
1215 3401 1361 3449 proinde
1383 3404 1523 3449 quoties
1544 3414 1596 3440 tes
1609 3402 1983 3456 Emphyteoticadeye·
2011 3404 2057 3439 ιδ

1399 3452 1474 3487 Sss
1497 3464 1519 3487 2
1899 3458 1951 3485 nit
